3059 4834
689 257 757 304 22
1203 253 1519 305 RIOHERL
1546 253 2050 306 HISTORIARUM
2086 252 2311 304 LIBER
2348 253 2395 304 1.

687 422 777 486 At
838 423 1228 508 pirataruma
1289 419 1571 506 legiones
1646 419 1838 506 longo
1903 443 2041 486 sese
2117 419 2335 484 ordine
2409 417 2877 505 protenderantb

686 508 1024 652 ipsumque
1068 504 1350 603 ordinem
1379 504 1464 569 ad
1491 503 1705 654 ltiostes
1721 503 2148 654 texcisspiegidos
2178 512 2597 652 cffiavfemnt
2624 512 2880 650 εοὲιιιῗὲε

709 611 873 653 unae
959 609 1268 653 uaema
1422 610 1568 653 eno
1652 611 1719 653 es
1821 611 1865 652 u
2013 610 2230 652 umm
2324 610 2360 652 o
2431 608 2650 652 ervore
2735 606 2882 650 oss

688 611 958 739 ruerent1
955 721 971 754 ,
1041 611 1420 737 exercituugsm
1415 638 1824 738 circulatione
1878 639 2353 758 exciperentur3
2440 671 2533 734 sic
2589 670 2774 736 etiam
2814 667 2884 733 ab

688 758 766 821 iis
810 758 919 842 qui
958 757 1026 819 in
1068 777 1267 820 cornu
1307 766 1576 843 utroque
1619 757 2027 843 persisterent
2068 777 2108 820 a
2149 766 2327 841 tergo
2370 754 2666 840 appetiti,
2728 775 2885 817 more

690 839 1006 926 pecudum
1049 849 1490 904 sternerentur.

855 925 955 989 30.
1011 924 1135 988 His
1165 946 1318 1010 ergo
1347 926 1414 988 in
1439 933 1709 1009 utraque
1737 933 1918 1010 parte
1947 924 2204 1010 paratiS,
2234 932 2499 1007 uterque
2521 921 2827 986 exercitus
2837 921 2885 951 ¹⁸¹*

691 1008 888 1094 signis
945 1006 1187 1072 collatis
1241 1007 1661 1094 congreditur.
1777 1008 2117 1073 Rotbertus
2174 1016 2237 1072 et
2254 1019 2279 1049 ⁰
2342 1003 2703 1070 Dalmatius
2761 1024 2887 1068 cum

688 1092 1025 1179 Aquitanis
1065 1090 1346 1178 legiones
1387 1092 1738 1178 piratarum
1791 1100 2125 1190 penetrant
2176 1090 2515 1174 statimque
2556 1088 2638 1153 ab
2680 1089 2755 1151 iis
2797 1088 2889 1174 qui

688 1178 756 1240 in
827 1174 1122 1241 cornibus
1193 1185 1372 1240 erant
1439 1199 1478 1240 a
1548 1185 1728 1260 tergo
1797 1183 2204 1261 1mpetuntur.
2310 1174 2469 1238 Mox
2534 1194 2781 1259 quoque
2836 1179 2889 1235 et

690 1258 930 1346 Belgae
946 1261 1033 1292 *¹⁸¹*
1075 1260 1384 1345 inprovisi
1428 1269 1900 1346 prosequuntur
1941 1268 2130 1345 atque
2171 1259 2445 1343 piratas,
2499 1258 2611 1342 qui
2652 1278 2691 1320 a
2730 1266 2888 1341 tergo

691 1366 838 1409 suos
896 1344 1301 1429 premebant,
1371 1345 1635 1407 immani
1692 1344 1849 1409 cede
1916 1352 2220 1408 sternunt.
2323 1340 2605 1405 Neustrii
2660 1360 2887 1428 quoque

690 1429 1082 1492 atrocissime
1146 1429 1398 1492 instant.
1505 1429 1587 1492 In
1651 1450 1777 1514 qua
1821 1427 2306 1508 commixtione,
2373 1446 2518 1488 cum
2562 1423 2886 1510 Aquitani*

691 1513 914 1610 piratis
969 1511 1344 1575 circumdati
1408 1511 1608 1576 multo
1626 1511 1654 1553 ⁴¹
1723 1513 2055 1575 conamine
2112 1532 2221 1574 eos
2287 1530 2445 1595 quos
2502 1507 2889 1595 impellebant

692 1618 760 1658 1n
802 1595 1019 1741 ἐξεφ
1063 1603 1386 1680 cogerent,
1429 1595 1474 1657 ii
1489 1607 1514 1638 θ
1605 1596 1670 1658 ui
1710 1594 1779 1658 in
1821 1593 2119 1658 cornibus
2160 1595 2568 1679 perstiterant
2619 1615 2658 1656 a
2698 1590 2887 1676 Belgis

691 1679 788 1743 et‘
893 1679 1140 1742 eustriis
1181 1677 1330 1741 hinc
1369 1616 1839 1763 premelbanmr,
1891 1678 2042 1742 inde
2080 1699 2231 1743 vero
2274 1676 2355 1741 ab
2385 1677 2724 1763 Aquitanis
2764 1697 2889 1740 con·

691 1764 890 1827 versis
933 1759 1201 1826 letaliter
1241 1784 1317 1824 ur
1362 1760 1646 1826 ebantur.
1734 1761 2033 1847 Superati
2085 1762 2299 1848 itaque
2352 1782 2531 1826 arma
2590 1761 2889 1847 deponunt

693 1867 768 1910 ac
811 1844 1023 1910 multis
1064 1785 1442 1910 clamoribus
1485 1868 1604 1932 pro
1646 1847 1779 1912 vita
1808 1845 2171 1932 supplicant
2182 1858 2230 1914 8.
2314 1843 2657 1910 Rotbertus
2699 1847 2889 1929 itaque

692 1931 945 1994 tantaeh
990 1929 1171 1994 caedi
1214 1951 1476 2014 parcere
1517 1931 1680 2016 petit
1721 1951 1797 1993 ac
1839 1932 2031 1994 instat
2072 1940 2143 1996 ut
2184 1939 2499 1994 eruantur.
2586 1931 2719 1995 Vix
2759 1947 2887 2014 quo-

695 2035 818 2100 que
862 2012 943 2077 ab
989 2012 1182 2079 caede
1226 2015 1466 2099 quievit
1508 2015 1829 2078 exercitus
1845 2063 1861 2096 ,
1920 2012 2119 2079 multo
2163 2014 2585 2100 prosperioris
2626 2012 2888 2078 fortunae

691 2098 987 2163 incitatus
1033 2119 1352 2161 successu.
1439 2096 1676 2163 Sedato
1718 2119 1871 2163 vero
1914 2097 2203 2180 tumult0,
2247 2100 2358 2184 qui
2396 2097 2562 2162 inter
2605 2119 2712 2162 eos
2751 2093 2889 2182 poti·
2980 2109 2982 2124 ¹

693 2204 833 2248 ores
895 2180 1280 2246 videbantur
1341 2203 1381 2244 a
1433 2181 1595 2246 duce
1660 2183 1833 2268 capti
1886 2192 2061 2265 sunt,
2118 2181 2349 2268 reliqui
2402 2202 2555 2246 vero
2621 2182 2738 2246 sub
2778 2180 2890 2242 iure

695 2264 995 2330 obsidum
1036 2264 1119 2328 ad
1163 2263 1428 2330 classem
1469 2267 1677 2331 redire
1721 2267 2186 2365 permittuntur.

860 2349 960 2414 31.
1044 2351 1304 2415 Patrata
1357 2372 1508 2436 ergo
1561 2351 1826 2415 victoria
1841 2398 1857 2431 ,
1912 2349 2355 2436 exercituquei
2401 2347 2607 2414 soluto
2620 2351 2701 2431 ††,
2764 2347 2889 2410 Rot-

691 2433 907 2499 bertus
969 2443 1189 2519 captos
1210 2436 1291 2478 †††
1334 2435 1568 2498 Parisii
1620 2434 1900 2520 deponit.
2014 2435 2152 2499 Hos
2164 2436 2218 2477 ³²*
2272 2434 2769 2520 percunctansk,
2824 2449 2891 2492 an

690 2518 1061 2581 christianik
1137 2527 1386 2599 essent,
1449 2516 1693 2582 nullum
1772 2539 1991 2582 eorum
2010 2520 2040 2560 k
2123 2519 2468 2604 quicquam
2535 2515 2655 2582 reli
2702 2512 2888 2579 ionis¹¹

690 2598 1094 2664 huiusmodik
1165 2602 1452 2685 attigisse
1470 2602 1498 2641 ¹¹
1515 2649 1532 2682 ,
1603 2623 1747 2664 com
1798 2603 1932 2665 erit.
2046 2601 2242 2666 Misso
2322 2604 2539 2688 itaque
2610 2624 2650 2664 a
2706 2601 2734 2642 ¹¹
2800 2617 2890 2661 eos
2982 2635 2984 2638 <

691 2682 1136 2747 instruendosk
1200 2684 1549 2749 reverendo
1608 2706 1756 2769 pres
1804 2685 2009 2749 iterok
2063 2696 2127 2751 et
2190 2689 2502 2750 monacho
2569 2683 2836 2750 Martino
2850 2681 2889 2759 ¹¹,

692 2766 776 2829 ad
818 2765 1011 2830 fidem
1057 2765 1337 2830 Christik
1395 2769 1703 2840 conversiz
1745 2778 1907 2832 sunt.
1996 2768 2171 2848 Quik
2221 2791 2375 2835 vero
2444 2769 2529 2834 ad
2603 2763 2891 2834 classem¹¹

693 2849 1046 2931 redierant,
1092 2848 1241 2914 aliik
1286 2872 1506 2914 eorum
1550 2850 1920 2916 christianik
1939 2900 1956 2934 ,
2006 2851 2115 2916 alii
2157 2855 2441 2939 paganik
2486 2852 2779 2918 mixtimh
2818 2849 2891 2913 in-

839 2976 886 3042 *)
926 2993 978 3042 q.
1020 2977 1207 3043 quinta
1245 2983 1327 3027 est
1367 2978 1421 3027 1.

814 3049 886 3115 **)
927 3067 974 3102 e.
996 3065 1114 3100 cum
1141 3051 1367 3102 maximo
1390 3049 1621 3101 elamore
1644 3066 1763 3102 cum
1783 3050 1938 3118 (del.)
1960 3054 2126 3117 signis
2151 3053 2359 3105 infestis
2393 3089 2592 3104 ......
2627 3053 2676 3117 1,
2703 3067 2831 3103 corr.
2850 3047 2890 3096 2·

791 3120 889 3189 ***)
929 3129 984 3173 et
1021 3123 1348 3175 Gislebertus
1401 3139 1521 3175 cum
1570 3124 1753 3190 Belgis
1802 3126 2099 3192 inprovisus
2146 3128 2482 3193 prosequitur
2523 3154 2591 3164 —
2632 3125 2812 3177 sternit
2848 3121 2887 3168 l·

839 3194 884 3259 Τ)
927 3196 1132 3261 Belgae
1171 3213 1205 3246 a
1241 3213 1294 3263 p.
1336 3197 1382 3244 1.
1534 3193 1608 3262 ††)
1650 3199 1871 3264 quisque
1906 3200 1984 3260 ,ad
2022 3214 2119 3250 sua
2154 3200 2314 3250 rediit
2353 3200 2479 3251 add.
2523 3201 2572 3260 1,
2612 3199 2717 3251 del.
2757 3199 2804 3248 2.

785 3266 890 3334 †††)
928 3271 992 3321 R.
1032 3285 1156 3321 vero
1195 3269 1411 3322 obsides
1449 3271 1737 3336 piratarum
1780 3273 1828 3334 1,
1866 3289 2001 3322 corr.
2042 3273 2093 3323 2.

814 3341 888 3412 †*)
926 3345 1041 3394 Hos
1081 3371 1150 3380 -
1190 3342 1597 3410 metropolitano
1638 3343 1707 3411 (c.
1735 3342 1832 3410 32)
1870 3342 1929 3394 in
1952 3361 2122 3413 marg.
2151 3346 2201 3406 2,
2240 3345 2420 3397 deletis
2451 3362 2590 3412 quae
2621 3347 2648 3395 1
2688 3340 2888 3408 scripse·

925 3424 1012 3468 rat
1030 3435 1045 3466 .-
1102 3417 1186 3467 An
1234 3416 1464 3468 fideliter
1512 3417 1775 3484 baptizari
1810 3420 2189 3484 spoponderint
2240 3419 2651 3484 diligentissime
2701 3411 2891 3485 perqui-

926 3507 1064 3542 rens.
1142 3490 1425 3558 Oomperto
1465 3507 1608 3553 vero,
1647 3491 1790 3557 quod
1829 3490 1987 3558 (corr.
2028 3489 2195 3558 quia),
2232 3494 2282 3544 si
2320 3495 2397 3544 eis
2434 3499 2575 3544 terra
2612 3493 2746 3543 mari
2783 3499 2889 3538 con·
2982 3531 2984 3552 ,

926 3567 1089 3631 tigna,
1141 3580 1299 3630 quam
1338 3566 1443 3631 ipsi
1489 3580 1701 3630 quoque
1751 3566 1999 3617 insectati
2048 3565 2270 3634 fuerant,
2325 3566 2422 3618 sub
2460 3566 2659 3617 tributo
2701 3564 2892 3614 daretur

931 3638 1062 3699 (voc.
1075 3644 1200 3702 post
1226 3637 1400 3702 add.),
1433 3641 1487 3688 et
1525 3638 1867 3690 christianam
1904 3639 2216 3705 religionem
2254 3645 2443 3706 sponte
2481 3644 2814 3706 suscepturos
2848 3634 2893 3680 et

928 3711 1043 3774 regi
1082 3710 1374 3762 Galliarum
1411 3709 1644 3762 fideliter
1679 3712 2013 3774 militaturos,
2066 3713 2192 3763 huic
2228 3714 2307 3763 rei
2343 3729 2449 3765 non
2486 3711 2732 3764 sufficere
2770 3707 2891 3770 (voc-

917 3788 1041 3846 post
1068 3783 1221 3847 add.)
1253 3783 1493 3846 credens,
1528 3785 1805 3836 consilium
1842 3785 1899 3835 id
1939 3785 2289 3837 ordinandum
2308 3786 2533 3838 Wittoni
2569 3802 2669 3852 per
2704 3783 2891 3848 legatos

929 3855 1110 3921 dirigit
1133 3856 1604 3923 Rotomagensium
1637 3861 1907 3925 episcopo.
1980 3859 2203 3910 Necnon
2230 3865 2283 3910 et
2306 3860 2541 3910 Heriveo
2569 3855 2891 3910 Remmium

928 3929 1335 3995 metropolitano
1373 3929 1517 3980 idem
1555 3931 1743 3997 pandit
1771 3946 1836 3981 ac
1862 3931 1931 3982 ab
1975 3947 2039 3984 eo
2076 3934 2335 3984 rationem
2372 3934 2525 4000 petit.
2600 3931 2676 3982 Hi
2714 3925 2893 3980 etenim

929 4002 1032 4053 duo
1071 4001 1465 4069 metropolitani
1504 4003 1745 4055 celebres
1782 4035 2817 4058 .............................
2846 3997 2895 4046 in

930 4073 1120 4127 Galliis
1156 4081 1284 4128 tunc
1320 4111 1517 4127 ......
1556 4077 1927 4130 credebantur.

810 4164 855 4217 a)
885 4168 1064 4217 piratae
1097 4168 1139 4209 1.
1286 4164 1334 4219 b)
1367 4167 1696 4216 profenderant
1723 4180 1757 4209 c.
1909 4167 1951 4220 c)
1985 4179 2087 4210 cum
2118 4169 2353 4211 Dalmatio
2383 4173 2431 4210 et
2444 4168 2533 4220 Aq.
2567 4170 2608 4209 1.
2729 4162 2773 4215 d)
2805 4168 2895 4202 cum

693 4236 752 4267 m.
785 4227 825 4266 1.
960 4224 1003 4277 e)
1035 4227 1092 4266 iis
1123 4237 1238 4267 corr.
1271 4226 1320 4265 ii.
1456 4225 1492 4276 f)
1526 4227 1637 4268 abac.
1777 4225 1825 4278 g)
1856 4227 2033 4267 dimidia
2052 4228 2153 4278 fers
2181 4229 2296 4268 linea
2327 4240 2468 4270 erasa.
2601 4224 2651 4279 h)
2676 4227 2775 4276 post
2803 4217 2893 4260 add·

692 4282 727 4336 i)
760 4295 847 4334 que
878 4285 979 4326 aad.
1013 4286 1053 4326 2.
1154 4283 1203 4335 k)
1237 4289 1269 4339 t,
1299 4295 1347 4338 n,
1378 4295 1418 4338 e,
1449 4285 1481 4337 l,
1512 4286 1557 4337 h,
1590 4296 1634 4338 g,
1664 4296 1709 4339 a,
1741 4286 1785 4340 d,
1816 4287 2031 4341 presbite,
2060 4287 2122 4340 M,
2154 4287 2322 4342 Christ,
2354 4287 2409 4341 Q,
2440 4298 2552 4340 sem,
2584 4295 2625 4339 a,
2655 4285 2688 4336 ί,
2719 4283 2768 4323 ni
2794 4277 2894 4320 abac·

2936 4765 2984 4801 ,Α
