3059 4834
617 279 687 328 46
1129 278 1436 331 RICHERI
1471 277 1974 331 HISTORIARUM
2010 277 2235 328 LIBER
2270 277 2348 328 11.

451 475 458 483 ·
498 458 604 501 ⁹8⁹·
621 445 878 511 ditionis
938 443 1212 510 dedecus
1271 467 1345 509 ea
1395 467 1586 531 posse
1642 445 2014 510 necessitate
2057 445 2337 531 purgari,
2404 444 2577 530 quod
2624 465 2890 510 omnes

622 529 980 616 oppidanos
1037 530 1104 592 in
1206 530 1455 594 roximo
1473 540 1499 571 ²¹
1556 537 1667 594 aut
1722 528 2090 594 exulaturos
2145 537 2257 592 aut
2320 529 2665 593 morituros
2730 529 2889 594 sibi

631 615 926 679 innotuit.
1025 614 1150 678 Pro
1202 615 1461 678 'tionem
1515 636 1584 678 er
1630 634 1667 678 o
1722 611 1993 712 spondet
2043 635 2121 677 ac
2162 614 2407 677 iuratus
2463 611 2660 676 fidem
2725 613 2885 678 dat.

618 699 757 763 Nec
813 699 1023 762 minus
1091 709 1153 762 et
1215 697 1305 762 illi
1376 697 1455 761 de
1524 635 1818 784 pcffilicitls
1892 697 2121 761 iurant.
2228 696 2513 782 Tempus
2576 697 2885 762 facinori

619 784 808 848 datur
849 804 924 930 ap
965 792 1360 847 sacramento
1417 781 1724 846 firmatur.
1799 781 2029 865 Legati
2071 780 2359 867 digressi,
2404 803 2543 846 sese
2585 803 2883 867 persua-

617 867 774 930 sisse
815 890 884 930 re
912 876 1115 931 erunt.

967 987 1063 1051 12.
1107 987 1478 1072 Ingressusl’
1519 986 1772 1050 Arnulfi
1812 987 1881 1051 in
1922 985 2443 1051 Monasteriolum
2456 987 2505 1048 b.

784 1089 1094 1154 Arnulfus
1123 1091 1338 1175 itaque
1367 1087 1640 1154 militum
1670 1089 2015 1153 electorum
2044 1089 2297 1174 copiam
2319 1085 2576 1172 colligit,
2599 1086 2872 1152 facinus

621 1175 981 1274 quaesitum
1023 1184 1408 1260 patraturus.
1493 1173 1750 1259 Iterque
1804 1194 2070 1258 carpens
2127 1193 2275 1236 cum
2332 1172 2581 1237 duabus
2626 1171 2873 1235 cohor-

619 1257 811 1341 t1bus,
875 1269 1118 1344 usque⁰
1183 1257 1490 1344 oppidum
1557 1280 1720 1342 pene
1785 1256 2059 1322 devenit.
2150 1255 2259 1320 Sol
2319 1257 2446 1320 iam
2504 1255 2865 1320 occiderat.

618 1343 915 1408 Proditor
971 1365 1086 1427 per
1143 1353 1392 1426 portam
1452 1342 1764 1428 quosdam
1824 1342 2139 1421 emiserat,
2204 1341 2338 1404 acsi
2394 1338 2611 1425 aliqua
2670 1338 2867 1404 utilia

619 1437 969 1491 curaturos
1056 1425 1246 1490 Unde
1292 1438 1354 1490 et
1382 1427 1519 1510 ipse
1549 1427 1616 1488 in
1644 1447 1827 1489 muro
1860 1436 2052 1506 stans,
2094 1423 2301 1489 facem
2330 1422 2863 1489 ardentissimam

620 1510 1057 1597 pretendebat,
1156 1508 1354 1574 veluti
1425 1507 1678 1573 famulis
1748 1511 1996 1573 emissis
2067 1506 2281 1572 lumen
2348 1509 2858 1588 ministraturuS,

667 1617 750 1659 uo
768 1595 797 1636 ἃ
839 1596 1030 1658 etiam
1072 1590 1329 1655 luminis
1372 1593 1555 1677 signo
1598 1615 1715 1678 per
1756 1590 1997 1678 legatos
2055 1591 2299 1656 aditum
2354 1592 2857 1677 significaverat.

689 1699 771 1741 uc
823 1674 1128 1740 Arnulfus
1183 1697 1329 1739 cum
1384 1676 1671 1761 equitatu
1723 1676 1992 1758 irruenS,
2047 1699 2163 1761 per
2264 1686 2465 1741 ortam
2518 1685 2861 1762 patentem

623 1785 660 1827 o
709 1759 932 1860 pidum
975 1761 1301 1845 ingressus
1333 1769 1446 1824 est.
1519 1760 1785 1847 quue⁶
1812 1762 2073 1859 potituS,
2119 1759 2212 1824 Er
2235 1761 2370 1823 uini
2398 1781 2664 1825 uxorem
2699 1781 2857 1823 cum

619 1847 664 1910 fi
692 1847 706 1861 '
737 1867 768 1909 s
811 1845 981 1931 capit
1021 1865 1098 1908 ac
1142 1845 1278 1908 eius
1335 1844 1661 1909 thesauros
1724 1845 1958 1929 dinpit.
2057 1844 2359 1910 Erluinus
2414 1866 2565 1909 vero
2620 1843 2857 1909 habitu

619 1931 974 2010 immutatO,
1020 1951 1055 1993 e
1098 1928 1309 1994 medio
1363 1927 1642 1993 hostium
1698 1927 1948 2014 elapsus
2007 1938 2122 1994 est.
2207 1928 2512 1992 Amulfus
2566 1950 2857 2015 quoque,

622 2014 916 2080 omnibus
968 2014 1286 2098 pervasis,
1355 2013 1593 2098 oppido
1611 2013 1634 2056 f
1686 2034 1833 2078 suos
1890 2012 2173 2100 deputat.
2269 2012 2520 2077 Erluini
2575 2034 2857 2077 uxorem

621 2121 765 2164 cum
809 2099 974 2163 natis
1016 2095 1392 2162 AEdelstano
1435 2098 1574 2183 regi
1624 2096 1980 2197 Anglorum
2040 2097 2384 2162 servandos
2438 2108 2611 2162 trans
2669 2118 2854 2161 mare

621 2183 934 2270 deportat.
1023 2181 1257 2267 Sicque
1299 2180 1383 2245 ad
1428 2203 1563 2263 sua,
1610 2181 1847 2268 opp1do
1879 2182 2009 2246 suis
2050 2181 2314 2263 munit0,
2355 2179 2561 2246 rediit.

625 2305 724 2370 13.
781 2302 1170 2389 Conquestio
1188 2313 1218 2356 g
1258 2301 1549 2366 Erluinie
1588 2303 1761 2388 apud
1803 2301 2220 2368 Wilelmumg
2261 2302 2488 2366 ducem
2532 2301 2612 2366 de
2656 2303 2852 2367 castri

1083 2387 1472 2472 uxorisque&
1514 2396 1578 2452 et
1618 2397 1954 2452 natorum&
1997 2387 2335 2451 amissione
2353 2398 2399 2449 8.

790 2489 1092 2554 Erluinus
1134 2509 1286 2554 vero
1328 2490 1448 2553 vix
1502 2489 1724 2553 mortis
1767 2487 2049 2575 periculo
2106 2488 2288 2566 liber,
2347 2488 2431 2553 ad
2475 2485 2849 2553 Wilelmum

623 2575 980 2661 principem
1031 2573 1574 2637 Nortmannorum
1634 2594 1774 2636 sese
1829 2571 2110 2656 contulit,
2172 2572 2516 2658 plurimam
2574 2572 2655 2636 de
2712 2573 2846 2637 suis

625 2658 878 2722 casibus
924 2657 1383 2744 querimoniam
1427 2655 1602 2741 apud
1646 2677 1793 2719 eum
1833 2657 2103 2741 agitans,
2147 2679 2283 2721 sese
2311 2657 2606 2743 inquiens
2646 2655 2848 2720 infeli-

624 2741 881 2822 ciorem,
926 2762 1072 2805 cum
1117 2740 1355 2825 oppido
1399 2749 1462 2804 et
1504 2736 1813 2804 militibus
1844 2740 2139 2838 privatus
2182 2761 2258 2805 ac
2300 2762 2503 2805 uxore
2531 2738 2845 2838 filiisque¹¹

625 2825 904 2906 orbatus,
959 2822 1118 2888 nihil
1205 2833 1371 2889 reter
1413 2843 1645 2909 corpus
1688 2823 2030 2922 possideat.
2093 2824 2198 2889 De
2240 2823 2463 2911 oppidi
2506 2825 2845 2889 amissione

624 2931 755 2973 non
798 2931 866 2974 se
905 2906 1068 2973 adeo
1221 2909 1299 2988 ci,
1355 2928 1504 2970 cum
1548 2906 1616 2971 id
1660 2929 1797 2972 sme
1838 2929 1951 2994 spe
1994 2905 2209 2994 aliqua
2254 2907 2673 2995 recuperandi
2714 2931 2844 2973 non

625 2993 725 3074 sit,
769 3015 845 3058 eo
891 2990 1064 3078 quod
1106 3002 1273 3057 terra
1328 2990 1673 3055 immobilis
1724 3012 1801 3055 ac
1860 2992 2165 3077 oppidum
2222 2993 2692 3057 intransitivum
2744 2994 2841 3061 sit.

625 3077 865 3142 Uxoris
909 3097 1062 3140 vero
1105 3096 1181 3139 ac
1224 3074 1499 3138 filiorum
1541 3076 1813 3163 privatio
1857 3075 2275 3143 calamitatem
2317 3076 2843 3142 interminabilem

624 3160 1025 3248 pretenderei
1068 3158 1385 3241 videntur,
1441 3179 1617 3241 cum,
1676 3159 1801 3223 illis
1860 3162 2272 3249 consumptis,
2326 3161 2348 3223 i
2398 3183 2465 3225 se
2517 3160 2839 3226 doloribus

625 3243 900 3308 assiduis
941 3253 1263 3331 urgeatur,
1307 3253 1370 3308 et
1410 3265 1539 3308 non
1584 3246 1997 3331 consumptis,
2040 3254 2108 3309 at
2150 3246 2271 3311 sub
2376 3246 2521 3310 iena
2561 3244 2839 3310 domina-

625 3329 796 3394 tione
855 3328 1146 3408 detentis,
1204 3329 1342 3414 ipse
1410 3327 1579 3392 vana
1636 3328 1977 3394 seducatur
2032 3329 2529 3416 exspectatione.
2628 3331 2833 3412 Quare

628 3434 756 3499 quo
804 3435 885 3477 ue
929 3412 1011 3477 ad
1053 3411 1328 3539 petenda
1371 3411 1598 3477 solatia
1652 3434 1718 3477 se
1762 3414 2010 3478 venisse
2062 3414 2457 3480 memorabat
2506 3434 2582 3476 ac
2632 3435 2831 3500 geme-

622 3434 880 3561 bundus
921 3496 1039 3562 hec
1126 3496 1557 3562 indesinenter
1596 3497 1872 3582 petebat.

975 3620 1072 3681 14.
1128 3615 1434 3681 Erluinus
1478 3617 1788 3703 oppidum
1830 3628 2159 3704 expugnat
2201 3639 2277 3682 ac
2322 3619 2513 3703 capit.

792 3717 1100 3805 Princeps
1163 3719 1294 3782 his¹
1353 3720 1761 3806 querimoniis
1818 3728 2057 3804 motuS,
2120 3719 2431 3784 auxilium
2490 3721 2711 3786 annuit
2761 3741 2831 3784 ac

626 3800 900 3866 militum
944 3803 1193 3888 copiam
1237 3805 1296 3867 ei
1339 3805 1697 3868 committit.
1796 3802 2101 3868 Erluinus
2144 3805 2364 3892 itaque
2407 3805 2492 3869 ad
2520 3803 2830 3903 ‘oppidum

624 3907 743 3973 pro
791 3895 926 3950 erat
995 3907 1072 3951 ac
1142 3889 1587 3974 tempestivius
1669 3909 1814 3951 cum
1889 3888 2091 3975 copiis
2162 3888 2407 3975 appetit
2479 3910 2831 3975 clrcumque

622 3994 667 4036 v
752 3979 819 4034 at
873 3980 1045 4036 terra
1098 3972 1405 4058 marique.
1507 3971 1711 4037 Instat
1758 3972 1973 4058 itaque
2033 3983 2223 4057 atque
2280 3973 2510 4038 acriter
2558 3973 2831 4058 adurget.

743 4094 790 4148 a)
821 4098 1055 4147 proximos
1089 4099 1138 4146 1;
1171 4101 1251 4138 aut
1273 4103 1376 4148 poet
1405 4098 1506 4138 aad.
1627 4097 1675 4150 b)
1709 4109 1801 4151 sus,
1834 4109 1910 4151 na,
1940 4109 2017 4138 um
2050 4098 2162 4141 abac.
2256 4098 2298 4152 c)
2331 4099 2391 4140 ad
2424 4101 2463 4140 1.
2555 4097 2602 4152 d)
2636 4101 2753 4149 quod
2783 4123 2830 4131 —

627 4157 810 4206 signum
853 4168 896 4206 p.
927 4157 960 4198 1.
1002 4157 1303 4197 mandaverat
1346 4158 1384 4196 1.
1533 4157 1579 4210 e)
1612 4157 1884 4207 oppidoque
1919 4158 1959 4199 1.
2108 4156 2145 4209 f)
2179 4163 2277 4198 cast
2317 4159 2497 4200 scribere
2540 4160 2748 4209 inceperat
2790 4162 2827 4200 1.

628 4212 676 4265 g)
707 4218 763 4266 st,
805 4215 888 4268 ini,
928 4215 980 4266 11,
1025 4227 1102 4267 ux,
1147 4225 1222 4268 na,
1253 4217 1316 4256 ssi
1355 4215 1466 4257 abac.
1588 4214 1637 4268 h)
1669 4217 1700 4255 f.
1733 4227 1786 4256 ac
1816 4228 1863 4259 u.
1897 4219 1936 4258 1.
2054 4214 2091 4269 1)
2120 4219 2397 4267 pretendunt
2424 4230 2538 4258 corr.
2570 4219 2830 4268 pretendere

626 4274 871 4315 videantur
899 4285 1012 4316 corr.
1044 4279 1092 4313 ut
1123 4274 1219 4316 odit.
1338 4271 1388 4324 k)
1413 4279 1516 4325 post
1547 4275 1648 4318 add.
1769 4275 1803 4327 1)
1834 4279 1983 4316 motus
2015 4276 2059 4315 h.
2092 4277 2133 4316 1.
