3059 4834
786 280 1092 332 RICHERI
1129 279 1636 333 HISTORIARUM
1671 281 1895 332 LIBER
1933 280 2009 330 ΙΙ.
2450 280 2519 332 85

264 457 352 513 ‘et
392 446 476 511 ab
521 449 612 512 eis
668 446 958 512 roborari
1017 448 1357 512 constituit.
1456 447 1800 532 Hugonem
1856 469 2112 534 quoque
2168 447 2519 512 Galliarum
2539 466 2639 506 949.

287 531 519 596 ducem
583 533 654 595 in
717 531 1089 617 supradicta
1153 531 1376 595 sinodo
1432 531 1851 616 dampnatum
1911 533 2051 617 ipse
2116 533 2307 596 etiam
2368 553 2515 598 con-

287 614 614 702 dempnat,
675 615 880 680 donec
930 617 1071 700 regi
1115 637 1230 678 suo
1275 614 1621 679 satisfaciat
1662 624 1775 678 aut
1812 614 2085 679 Romam
2125 617 2342 681 veniat
2368 616 2518 680 inde

283 700 796 766 ratiocinatmus.
892 698 1049 762 Mox
1070 780 1072 782 v
1094 721 1176 762 ue
1233 697 1573 764 anathema
1630 699 2020 784 descriptum
2078 709 2140 764 et
2196 722 2235 764 a
2294 699 2519 764 sinodo

286 783 662 848 roboratum
703 783 1024 882 episcopis
1133 781 1423 846 alliarum
1469 781 1839 846 destinatur.

459 868 560 932 96.
626 866 685 930 Ε
733 878 975 950 1scop1¹
1021 867 1238 952 itaque
1283 864 1637 931 Galliarum
1679 864 2079 935 anathemate
2121 867 2295 948 moti,
2346 865 2521 952 apud
2541 882 2646 924 950.

290 949 526 1015 ducem
610 971 683 1013 co
731 951 990 1034 iguntur
1067 959 1130 1014 et
1199 948 1349 1014 inde
1421 951 1796 1034 gravissime
1868 971 1989 1014 con
2034 959 2364 1032 ueruntur3
2439 972 2523 1014 ex

291 1033 565 1099 decretis
635 1043 890 1118 patrum
963 1035 1286 1118 sacrisque
1360 1033 1712 1098 canonibus
1784 1033 1934 1097 duci
2045 1043 2523 1115 emonstranteS,

288 1118 615 1182 neminem
659 1126 827 1181 stare
869 1118 1281 1202 pertinaciter
1323 1116 1629 1182 adversus
1671 1118 2002 1182 dominum
2061 1139 2247 1182 suum
2290 1116 2525 1182 debere

287 1222 412 1264 nec
439 1211 679 1266 temere
709 1202 776 1264 in
805 1223 952 1265 eum
983 1201 1328 1287 quicquam
1357 1200 1587 1266 moliri.
1631 1199 1800 1265 Illud
1830 1203 2022 1266 etiam
2092 1201 2524 1286 romptissime

289 1294 677 1367 monstrant,
733 1284 1084 1350 secundum
1139 1284 1501 1370 apostolum
1551 1307 1770 1370 regem
1824 1285 2046 1349 honori
2099 1287 2405 1367 candum,
2463 1295 2525 1352 et
2542 1315 2659 1356 Rom
2683 1315 2753 1371 ιε,
2770 1318 2812 1358 1.

287 1390 421 1432 non
466 1366 673 1432 solum
716 1391 957 1453 regem,
999 1391 1223 1434 verum
1279 1390 1533 1434 omnem
1589 1376 1972 1454 potestatem
2027 1371 2334 1434 maiorem
2380 1369 2525 1434 sub-

287 1453 472 1516 iectis
517 1451 834 1517 dominari
877 1450 1111 1516 debere
1155 1462 1465 1517 asserunt.
1553 1455 1776 1517 Preter
1816 1452 1975 1517 haec
2018 1475 2273 1539 quoque
2363 1455 2524 1518 erni-

291 1536 722 1600 ciosissimum
766 1558 925 1617 esse,
967 1535 1390 1622 apostolicum
1433 1539 1773 1602 anathema
1813 1539 2223 1622 pertinaciter
2306 1539 2320 1552 ”
2354 1539 2524 1623 'pen-

288 1618 461 1702 dere,
527 1641 674 1683 cum
738 1619 806 1684 id
871 1621 954 1685 sit
1016 1617 1268 1704 gladius
1337 1621 1448 1706 qui
1501 1630 1792 1705 penetrat
1844 1624 2119 1706 *corpus
2176 1643 2378 1720 usque
2440 1622 2558 1686 ad·
2576 1632 2657 1673 ¹²01·
2686 1631 2760 1674 ⁸1·

289 1704 574 1768 animam
654 1713 718 1768 et
783 1705 875 1768 sic
952 1704 1366 1768 mortificatos
1426 1728 1467 1769 a
1529 1726 1728 1790 regno
1785 1702 2121 1769 beatorum
2187 1707 2525 1790 spu-ituum

286 1786 574 1873 repellat.
664 1786 804 1852 Sibi
848 1789 1040 1852 etiam
1106 1787 1387 1873 periculo
1443 1811 1601 1870 esse,
1660 1798 2041 1870 memorant,
2102 1790 2156 1852 si
2218 1789 2286 1852 id
2338 1790 2524 1875 'quod

289 1871 632 1935 animabus
724 1871 1032 1937 ericulum
1076 1872 1308 1956 ingerit
1350 1870 1759 1957 neglegentes
1802 1894 1932 1936 non
1974 1873 2396 1937 innotescant.

459 1956 559 2020 97.
684 1953 892 2019 alibus
951 1955 1088 2019 dux
1145 1977 1506 2040 persuasuS,
1560 1956 1698 2039 regi
1754 1953 2076 2019 humiliter
2125 1955 2524 2021 reconciliari

290 2038 584 2124 deposcit
647 2039 832 2124 eique
898 2037 1370 2103 satisfacturum
1435 2061 1574 2102 sese
1636 2036 1987 2122 pollicetur.
2089 2037 2301 2102 Huius
2378 2060 2522 2103 con-

290 2122 547 2187 cordiae
592 2132 655 2187 et
694 2123 876 2207 pacis
920 2122 1314 2187 ordinatores
1370 2123 1547 2186 fuere
1602 2122 1979 2188 Chonradus
2033 2121 2169 2185 dux
2220 2131 2283 2187 et
2323 2122 2521 2220 Hugo

289 2215 712 2292 cognomento
728 2205 947 2291 Niger,
970 2205 1298 2270 Adalbero
1323 2228 1577 2292 quoque
1605 2216 1797 2292 atque
1818 2205 2161 2272 Fulbertus
2186 2205 2521 2292 episcop12.

291 2289 381 2353 Et
421 2291 524 2354 die
567 2292 908 2354 constituta
950 2312 1066 2355 rex
1109 2300 1174 2354 et
1216 2289 1352 2354 dux
1408 2293 1820 2372 conveniunt,
1893 2311 1970 2354 ac
2024 2311 2204 2354 secus
2256 2289 2523 2355 fluvium

290 2374 650 2438 Matronam
714 2373 1061 2456 conlocuti,
1172 2373 1525 2459 rincipibus
1591 2374 1893 2460 predictis
1957 2374 2388 2456 internuntiis,
2454 2375 2522 2437 in

293 2478 606 2528 summam
671 2457 1080 2522 concordiam
1192 2459 1599 2543 enignissime
1669 2457 2013 2522 redierunt.
2127 2457 2215 2521 Et
2284 2467 2522 2542 quanto

290 2540 728 2606 vehementius
773 2552 919 2606 ante
961 2543 1029 2604 in
1071 2563 1208 2606 sese
1239 2543 1514 2626 grassati
1542 2541 1737 2624 fuere,
1778 2551 1955 2606 tanto
1985 2540 2259 2627 amplius
2288 2540 2522 2605 exinde

286 2626 571 2688 amicitia
613 2649 681 2690 se
725 2623 993 2690 coluere.
1077 2625 1274 2710 Hugo
1327 2628 1543 2712 itaque
1587 2625 1723 2689 dux
1780 2647 1897 2711 per
1939 2647 2164 2689 manus
2209 2635 2273 2690 et
2315 2647 2521 2689 sacra·

286 2719 576 2773 mentum
617 2711 788 2794 regis
819 2708 1092 2774 efficitur
1133 2715 1209 2773 a'c
1261 2711 1486 2773 turrim
1513 2709 1957 2773 Laudunicam
1988 2711 2119 2772 suis
2146 2719 2521 2774 evacuatam

283 2793 427 2878 regi
481 2792 725 2875 reddit3
789 2793 1056 2858 multam
1109 2793 1344 2858 abinde
1396 2792 1592 2857 fidem
1640 2815 1707 2858 se
1753 2803 2150 2858 servaturum
2192 2792 2517 2880 pollicens.

456 2877 558 2942 98.
623 2878 842 2941 Iussus
887 2898 1040 2962 ergo
1083 2878 1163 2942 ab
1208 2899 1379 2962 rege,
1421 2878 1488 2940 in
1528 2875 1943 2963 Aquitaniam
1987 2879 2341 2942 exercitum
2380 2879 2517 2962 regi
2538 2897 2643 2938 951.

284 2971 489 3046 parat.
579 2961 724 3040 Quo
767 2963 836 3024 in
876 2960 1059 3025 brevi
1102 2958 1384 3042 collecto,
1441 2963 1653 3026 causis
1706 2982 1920 3025 rerum
1973 2961 2379 3045 exigentibus
2432 2961 2518 3024 ad

281 3045 617 3109 interiores
659 3044 1074 3130 Burgundiae
1116 3055 1330 3143 partes
1382 3067 1500 3109 rex
1555 3067 1775 3109 secum
1828 3047 2183 3110 exercitum
2237 3046 2457 3144 dirigit
2471 3055 2517 3109 3.

287 3127 459 3193 Cum
501 3149 654 3214 ergo
698 3129 766 3190 in
809 3150 963 3213 agro
994 3128 1558 3193 Matlsconensium
1605 3139 1814 3192 castra
1854 3128 2096 3214 figeret,
2142 3139 2418 3194 occumt
2458 3129 2518 3192 ei

282 3209 564 3276 Karolus
623 3210 1076 3276 Constantinus
1089 3261 1106 3294 ,
1169 3212 1458 3278 Viennae
1522 3213 1795 3277 civitatis
1859 3214 2184 3298 princePS,
2253 3215 2517 3298 eiusque

289 3295 581 3377 efficitur,
636 3294 830 3359 fidem
887 3295 1292 3360 iureiurando
1399 3304 1601 3360 actus.
1701 3295 1829 3359 Hic
1882 3318 1965 3360 ex
2019 3299 2195 3380 regio
2298 3296 2516 3360 uidem

283 3401 520 3465 genere
563 3388 749 3443 natus
793 3388 946 3459 erat,
991 3379 1104 3444 sed
1147 3401 1350 3444 concu
1397 3381 1551 3443 inali
1593 3387 1927 3443 stemmate
1969 3401 2172 3464 usque
2214 3400 2253 3441 a
2342 3381 2516 3443 trita·

282 3485 439 3528 vum
511 3461 812 3527 sordebat
834 3511 850 3544 ,
913 3463 1014 3526 vir
1068 3463 1431 3548 grandevus
1495 3473 1561 3526 et
1621 3461 1836 3525 multis
1890 3460 2203 3526 bellorum
2260 3461 2519 3527 casibus

287 3547 663 3631 saepissime
707 3549 977 3628 attrituS,
1024 3556 1086 3610 et
1102 3556 1129 3588 ⁸
1174 3547 1284 3631 qui
1327 3549 1396 3611 in
1441 3545 1875 3631 superioribus
1905 3547 2256 3632 piratarum
2284 3546 2515 3611 tumul-

283 3628 457 3694 tibus
498 3629 668 3695 felici
697 3651 1048 3716 congressu
1073 3631 1338 3714 insignis
1377 3629 1697 3696 multoties
1714 3638 1740 3670 ²¹
1783 3629 2024 3693 enituit.
2089 3628 2295 3695 Affuit
2320 3631 2517 3695 etiam

285 3712 650 3799 Stephanus
679 3713 1116 3778 Arvernorum
1165 3713 1420 3799 presulb
1463 3736 1541 3778 ac
1583 3714 1720 3798 regi
1764 3735 1901 3778 sese
1944 3714 2281 3778 commisit.
2353 3713 2517 3778 Nec—

280 3819 416 3862 non
481 3807 544 3862 et
607 3821 647 3862 a
709 3796 1009 3862 Wilelmo
1075 3796 1544 3884 Aquitanorum
1658 3797 1899 3883 rincipe
1958 3795 2156 3880 legati
2218 3797 2515 3862 industrii

283 3881 542 3963 affuere,
585 3903 704 3967 pro
750 3903 865 3946 suo
909 3881 1200 3967 principe
1245 3904 1328 3945 ex
1372 3881 1500 3946 fide
1539 3881 1622 3946 ha
1668 3881 1833 3946 enda
1862 3890 2257 3945 sacramenta
2284 3879 2518 3946 daturi.

404 4043 452 4096 a)
478 4051 582 4096 post
613 4046 713 4088 add.
836 4043 884 4095 b)
916 4046 1133 4096 princeps
1174 4047 1216 4087 1.

437 4185 488 4249 1)
534 4186 658 4236 Hac
699 4187 767 4238 de
816 4201 874 4236 re
913 4184 1043 4236 nihil
1091 4183 1446 4236 FlodoarduS.
1608 4180 1667 4249 2)
1706 4183 1962 4235 Metensis
2002 4188 2057 4235 et
2095 4183 2517 4236 Cameracensis.

285 4255 346 4325 3)
384 4255 496 4310 Sed
535 4265 816 4324 antequam
855 4258 1074 4310 eamdem
1115 4255 1479 4326 ingrederetur
1509 4254 1847 4323 provinciam
1883 4256 2045 4309 Flod:
