3059 4834
615 270 922 323 menum
958 268 1466 325 HISTORIARUM
1501 272 1725 325 mmm
1760 273 1866 326 111.
1958 241 1964 247 ’
2319 274 2389 326 95

153 438 353 503 silvas
413 448 478 503 et
531 458 794 525 pascua,
853 438 1076 503 vineas
1119 459 1197 503 ac
1249 438 1607 523 pomeria⁸,
1660 449 1970 506 torrentes
2024 452 2090 507 et
2141 450 2386 591 stffim.
2404 462 2508 507 οη.

153 522 372 588 Castri
436 544 692 609 quoque
762 521 1053 586 illorumb
1124 522 1497 588 munitatem
1568 520 1989 611 villarumque
2058 522 2187 592 libe
2281 548 2387 591 em

148 607 322 672 intra
365 618 429 672 et
469 614 654 673 extra
706 614 1082 692 potestatem
1102 652 1120 688 ,
1179 605 1436 672 tandem
1479 606 1671 672 etiam
1712 630 1815 673 res
1859 630 2079 675 omnes
2120 609 2387 676 mobiles

148 700 350 777 atque
390 688 729 755 inmobiles
770 690 967 755 vestri
1008 687 1400 775 apostolatus
1443 690 1510 753 di
1600 691 1721 755 itas
1764 690 1994 758 solidet
2018 704 2210 780 atque
2239 716 2387 759 con·

145 776 384 840 firmet.
484 773 832 840 Abbatiam
899 794 1153 860 quoque
1217 774 1420 837 sancti
1483 712 1805 840 ’ᾖῗηοὼθί
1865 778 2160 861 martiris,
2223 798 2387 865 quae

143 859 357 925 nostri
398 858 554 923 iuris
596 880 736 923 esse
777 856 1048 937 videtur,
1091 853 1212 922 sub
1255 858 1452 922 vestri
1493 860 1819 944 presentia
1859 860 2213 948 horumque
2256 864 2387 949 epi-

144 964 501 1030 scoporum
541 941 900 1007 testimonio
943 942 1036 1005 eis
1078 940 1377 1024 concedO,
1421 952 1492 1007 ut
1519 941 1669 1007 inde
1697 943 2090 1029 pauperibus
2120 944 2386 1009 admini-

144 1036 390 1093 stretur
431 1034 496 1090 et
535 1026 844 1090 memoria
896 1025 1099 1089 nostri
1140 1025 1344 1090 servis
1387 1025 1518 1089 Dei
1568 1026 1638 1089 in
1692 1026 2003 1093 coenobio
2057 1029 2384 1094 habeatur.

143 1111 338 1176 Haec
351 1122 376 1153 ⁰
418 1110 614 1208 igitur
641 1106 1074 1195 superioribus
1103 1108 1323 1173 addita
1349 1109 1417 1173 in
1443 1110 1555 1174 ius·
1571 1110 1844 1194 predicti
1874 1113 2077 1177 sancti
2106 1123 2387 1179 transeat

145 1206 346 1281 atque
385 1191 555 1257 illius
645 1193 863 1279 ropria
917 1202 1136 1257 vestra
1189 1191 1480 1258 similiter
1520 1195 1895 1261 auctoritate
1938 1196 2383 1263 confirmetur'.

319 1279 423 1343 27.
507 1216 642 1342 Ad)
670 1276 830 1342 haec
883 1276 1158 1341 domnus
1210 1298 1412 1376 papa:
1478 1278 1665 1359 ‘Res’,
1722 1280 1958 1365 inquit,
2014 1279 2253 1344 ‘domni
2307 1304 2383 1346 ac

197 1361 408 1428 attoni
460 1362 666 1425 nostri
681 1362 712 1403 ‘¹
774 1360 1053 1445 Remigii
1108 1371 1313 1425 nostri
1368 1361 1761 1447 apostolatus
1814 1364 2130 1429 sententia
2191 1366 2385 1431 stabi-

143 1385 254 1512 liri
295 1454 466 1511 tutas
511 1466 594 1509 ue
635 1446 704 1508 in
746 1454 1129 1530 perpetuum
1171 1444 1328 1526 fieri,
1373 1446 1528 1531 quin
1573 1447 1765 1510 etiam
1803 1446 1883 1511 de
1919 1458 2030 1513 tuo
2077 1448 2387 1535 quicquid

145 1529 366 1617 placet
405 1528 490 1593 ad
535 1530 576 1611 i,
619 1527 1036 1593 libentissime
1079 1527 1384 1593 concedo.
1449 1528 1705 1615 Scripto
1750 1532 1945 1596 etiam
1988 1531 2053 1595 id
2097 1533 2385 1598 roborari

147 1636 280 1681 non
323 1612 531 1678 solum
573 1635 736 1693 mea,
778 1621 877 1677 set
917 1622 982 1676 et
1022 1611 1252 1677 horum
1282 1612 1390 1698 qui
1421 1612 1657 1678 adsunt
1687 1615 2137 1700 episcoporum
2167 1626 2383 1682 aucto-

145 1700 340 1763 ritate
415 1698 773 1761 constituo'.
893 1694 1180 1782 Moxque
1267 1696 1578 1784 scriptum
1644 1698 1723 1763 iri
1783 1699 1971 1764 iussit
2046 1720 2385 1788 coramque

149 1783 459 1867 scriptum
499 1780 629 1865 legi
670 1780 977 1866 precepit.

317 1867 421 1931 28.
508 1865 712 1931 Cuius
754 1874 968 1929 textus
1009 1861 1377 1927 huiusmodi
1421 1872 1547 1927 este
1599 1863 1933 1929 ‘Iohannes
1976 1888 2197 1932 servus
2258 1890 2386 1933 ser-

147 1971 376 2016 vorum
425 1948 548 2014 Dei
564 1959 590 1991 ⁰
650 1994 2337 2014 .................
2362 1964 2380 1997 ¹

316 2033 420 2097 29.
506 2030 698 2113 Quod
757 2032 826 2094 in
887 2030 1150 2095 auribus
1214 2030 1498 2094 omnium
1553 2031 1664 2117 qui
1718 2030 1985 2096 aderant
2033 2031 2384 2118 perlectum

149 2116 338 2203 sigilli
368 2117 468 2181 sui
497 2125 650 2181 nota
675 2115 1006 2200 insignivit
1033 2123 1224 2199 atque
1264 2136 1299 2178 e
1347 2114 1586 2213 iscopis
1614 2113 2048 2193 roborandum
2076 2117 2384 2201 porrexit.

149 2201 402 2283 Quibus
446 2201 664 2285 gestiS,
718 2196 1245 2285 metropolitanus
1300 2137 1522 2262 domm
1564 2219 1773 2297 papae
1816 2209 2009 2284 atque
2053 2200 2383 2287 episcopo-

147 2306 294 2351 rum
332 2283 589 2349 licentia
626 2283 973 2369 digressus,
1021 2279 1247 2345 Galliis
1276 2303 1415 2346 sese
1454 2290 1716 2367 recepit,
1761 2282 2131 2369 directoque
2158 2285 2383 2350 itinere

151 2368 360 2435 sancti
421 2367 692 2453 predicti
749 2390 815 2432 se
865 2364 1158 2431 ulchrum
1217 2364 1484 2430 devotus
1539 2366 1723 2451 petiit
1773 2366 1833 2431 ei
1878 2388 1960 2431 ue
2002 2368 2070 2430 in
2113 2366 2381 2455 collegio

151 2450 608 2517 monachorum
663 2389 1072 2539 privilegium
1129 2451 1255 2513 scri
1301 2458 1439 2513 tum
1480 2448 1735 2535 legavit.
1894 2449 2123 2515 onachi
2166 2450 2383 2515 datum

151 2536 549 2623 excipientes
573 2585 589 2617 ,
667 2535 927 2600 archivo
1003 2554 1231 2598 servan
1277 2555 1389 2597 um
1450 2532 1757 2598 mandant
1830 2535 2199 2621 gratiasque
2265 2557 2382 2622 pro

146 2631 327 2687 tanta
366 2620 741 2685 liberalitate
784 2619 1081 2684 decenter
1120 2617 1514 2704 impertiunt.
1926 2668 1935 2682 .

146 2742 248 2808 30.
337 2739 530 2821 Quod
583 2734 905 2804 Adalbero
958 2736 1406 2823 privilegium?
1455 2738 1524 2801 in
1588 2737 1853 2803 sinodo?
1889 2737 1973 2803 ab
2029 2738 2391 2826 episcopis'

1009 2820 1285 2885 firmarif
1319 2821 1473 2885 facit
1485 2822 1520 2885 f.

314 2925 438 2990 His
481 2926 573 2989 ita
613 2922 867 3005 habitis,
920 2932 1070 3007 post
1111 2944 1228 2987 sex
1271 2922 1629 2987 mensium²
1673 2933 1801 2988 tem
1849 2945 1925 2988 us
1968 2923 2053 2988 ad
2094 2924 2381 2990 Montem

150 3009 428 3076 Sanctae
471 3008 713 3073 Mariae
733 3017 845 3089 8-3,
891 3007 1003 3093 qui
1045 3006 1223 3071 locus
1268 3015 1364 3071 est
1403 3006 1754 3071 Remorum
1845 3008 2245 3092 'occsaneus,
2296 3008 2378 3073 ab

147 3092 375 3160 eodem
417 3090 900 3178 metropolitano
955 3089 1220 3155 sinodus
1271 3089 1722 3177 episcoporum
1764 3090 1983 3157 habita
2025 3101 2138 3157 est.
2226 3092 2381 3174 Qui-

145 3178 265 3243 bus
313 3174 811 3256 considentibus,
854 3183 1004 3259 post
1045 3174 1363 3260 quaedam
1405 3174 1631 3239 sinodo
1676 3174 1856 3239 utilia
1898 3184 2090 3261 atque
2124 3187 2382 3243 sanctae

147 3259 494 3326 aecclesiae
553 3258 908 3339 commoda,
963 3257 1487 3346 metropolitanus
1551 3279 1768 3323 coram
1811 3259 1905 3322 sic
1966 3260 2381 3324 concionatus

147 3346 263 3410 ait:
323 3344 667 3425 ‘Quoniam
681 3390 699 3426 ,
754 3352 970 3430 patres
1023 3340 1376 3424 reverendi,
1435 3342 1645 3427 gratia
1701 3342 1907 3405 sancti
1950 3342 2229 3428 Spiritus
2273 3342 2379 3407 hic

149 3426 395 3493 collecti
437 3450 676 3506 sumne,
722 3439 787 3492 et
830 3447 994 3512 quae
1037 3425 1118 3490 de
1163 3434 1331 3489 statu
1372 3433 1631 3489 sanetae
1674 3424 2025 3490 aecclesiae
2059 3425 2203 3489 visa
2230 3433 2378 3490 sunt

146 3511 328 3578 utilia
379 3511 847 3592 ordinavimus,
903 3518 1099 3574 restat
1154 3508 1363 3573 adhuc
1415 3530 1518 3573 res
1573 3507 1731 3571 mihi
1788 3507 1950 3573 adeo
2004 3507 2266 3594 placens
2318 3515 2381 3573 et

145 3594 468 3661 nonnullis
525 3603 780 3660 nostrae
831 3592 1174 3658 aecclesiae
1229 3591 1374 3655 filiis
1432 3613 1604 3656 nunc
1647 3602 1711 3659 et
1753 3592 1822 3656 in
1863 3602 2193 3678 posterum
2234 3612 2379 3678 pro·
2432 3634 2439 3640 -

265 3738 312 3792 a)
344 3741 553 3791 pemeria
581 3752 619 3782 ο.
739 3736 787 3789 b)
814 3744 918 3788 post
945 3738 1046 3779 add.
1169 3734 1211 3788 c)
1243 3736 1378 3777 Hanc
1413 3759 1464 3768 -
1495 3736 1701 3777 additam
1735 3737 1776 3776 1.
1909 3734 1957 3788 d)
1990 3737 2065 3778 sic.
2185 3733 2231 3789 e)
2263 3748 2385 3777 mem·

148 3798 304 3847 ὀνσιια,
348 3800 420 3839 cm·
458 3800 582 3849 eiquo
613 3799 814 3848 apposito
845 3798 996 3839 charta
1025 3796 1204 3838 imm-ibi
1233 3796 1390 3847 debuit,
1417 3796 1510 3847 jam
1542 3796 1703 3838 cncidit.
1874 3794 1912 3847 f)
1956 3796 2036 3848 ivl,
2076 3795 2197 3848 alno,
2239 3796 2279 3835 is
2308 3796 2379 3847 fir,

30 3876 32 3881 ·
147 3858 239 3899 acit
268 3858 384 3898 abac.
505 3856 552 3909 g)
586 3858 646 3899 M.
681 3868 716 3899 ο.

299 3958 354 4025 1)
391 3958 534 4011 Jaffls
582 3961 674 4011 Nr.
714 3960 876 4024 2884,
929 3960 1111 4012 datum
1163 3959 1214 4011 d.
1264 3958 1351 4009 24.
1389 3957 1560 4025 April.
1610 3972 1659 4009 a.
1700 3957 1826 4009 972.
2012 3956 2071 4023 2)
2121 3956 2277 4006 Haec
2329 3961 2383 4005 et

145 4048 380 4099 sequens
430 4039 725 4101 temporum
763 4040 922 4086 notae
973 4050 1041 4086 an
1082 4038 1260 4084 certae
1298 4034 1420 4095 sint,
1461 4031 1694 4082 dubitari
1730 4035 1924 4097 potest.
2110 4026 2169 4096 3)
2207 4028 2381 4079 Mont-

145 4106 560 4170 Notre-Dame,
609 4108 666 4157 in
715 4123 856 4175 pago
907 4106 1238 4158 Tardanensi
1290 4102 1637 4173 (Tardenois)
1687 4104 1756 4155 ab
1805 4104 2007 4155 oriente
2060 4106 2113 4155 et
2158 4101 2381 4153 meridie

146 4179 518 4244 Suessionum,
574 4196 740 4247 prope
791 4182 968 4232 vicum
1019 4180 1312 4231 Bazoches.
1407 4180 1660 4230 Actorum
1711 4182 1917 4244 partem
1961 4177 2161 4244 primus
2212 4175 2381 4228 edidit

145 4252 474 4317 Harduinus,
513 4251 680 4306 Cone.
718 4252 814 4318 VI,
859 4256 906 4315 1,
944 4271 996 4321 p.
1037 4253 1142 4304 687
1181 4252 1332 4321 (inde
1368 4252 1547 4303 Mansi
1584 4250 1757 4317 XIX).
