3059 4834
496 438 595 480 940.

384 1316 464 1370 ‘p0
497 1319 598 1362 592.

615 258 684 306 50
1140 253 1445 306 RICHERI
1482 254 1986 307 HISTORIARUM
2025 255 2246 304 LIBER
2283 255 2355 305 11.

615 423 1061 509 polliciturum.
1174 422 1461 502 Quorum
1524 420 1906 506 legationem
1972 444 2088 486 rex
2151 419 2349 486 multa
2413 420 2860 485 benivolentia

615 507 965 605 excipiens,
1020 506 1085 568 in
1188 526 1225 567 a
1272 528 1379 568 um
1439 504 1940 569 Ambianensem
2005 503 2128 568 sibi
2185 503 2645 569 occurrendum
2698 525 2858 568 con-

616 593 837 671 stituit,
882 611 957 654 eo
1047 611 1128 652 uo
1217 590 1239 652 i
1285 589 1308 651 i
1352 587 1713 674 specialiter
1754 587 1934 652 utilia
1980 588 2294 673 quaedam
2323 611 2440 673 per
2468 585 2610 652 illos
2643 587 2856 652 deter-

615 673 961 739 minandaa
1046 681 1243 737 orent.
1348 673 1608 756 Legatis
1674 673 1887 757 itaque
1945 672 2259 754 abductis,
2317 695 2435 736 rex
2489 670 2571 734 ad
2631 671 2856 735 locum

615 757 984 823 condictum
1028 767 1313 842 tempore
1359 765 1592 820 statuto
1637 755 1907 821 devenit.
1977 754 2099 820 Cui
2129 757 2319 820 etiam
2351 756 2486 819 dux
2515 754 2854 840 predictus

617 842 843 906 obvius
904 841 1097 905 venit.
1205 839 1664 925 Exceptusque
1719 863 1758 903 a
1819 862 1971 924 rege
2039 840 2357 922 decenter,
2419 839 2854 937 provinciam,

660 948 807 989 uam
853 925 911 990 ei
952 934 1134 1009 pater
1168 922 1445 987 Karolus
1487 946 1606 987 rex
1649 922 2000 988 contulerat
2017 936 2059 1004 ¹,
2103 923 2184 987 ab
2231 944 2305 986 eo
2351 933 2544 988 etlam
2574 924 2850 1008 accepit.

680 1009 804 1073 nde
849 1019 911 1072 et
951 1009 1121 1093 regis
1162 1006 1387 1088 factuS,
1431 1016 1607 1072 tanto
1649 1009 1708 1072 ei
1752 1029 2068 1072 consensu
2108 1005 2400 1090 alligatus
2442 1015 2554 1086 est,
2601 1016 2674 1072 ut
2718 1008 2851 1071 iam

614 1095 869 1178 iamque
914 1101 1024 1155 aut
1068 1113 1206 1155 sese
1250 1092 1624 1156 moriturum
1669 1101 1778 1156 aut
1831 1091 1968 1176 regi
2010 1091 2265 1176 imperii
2309 1111 2624 1155 summam
2672 1091 2855 1155 resti-

615 1185 901 1241 tuturum
945 1183 1347 1260 proponeret.

774 1298 913 1360 *21.
980 1294 1283 1360 Artoldus
1328 1294 1844 1381 archiepiscopus
1890 1295 2266 1360 Causostem
2311 1294 2729 1368 munitionem

1396 1389 1729 1464 expugnat
1773 1387 1834 1442 et
1878 1379 2072 1463 capit.

787 1481 1124 1566 Huiusque
1180 1481 1276 1544 rei
1329 1482 1585 1564 negotio
1640 1479 1878 1544 utiliter
1935 1491 2212 1565 peraetO,
2272 1502 2389 1543 rex
2447 1480 2514 1542 in
2557 1479 2852 1564 Burgun-

620 1565 793 1628 diam
840 1565 1158 1628 secessit2.
1243 1565 1320 1626 In
1374 1565 1553 1626 cuius
1607 1564 1897 1628 absentia
1939 1563 2244 1628 Artoldus
2301 1571 2502 1627 metro
2555 1561 2853 1645 olitanuS‚

620 1669 700 1711 ne
731 1669 881 1711 suae
910 1650 1004 1711 rei
1045 1657 1375 1731 putaretur
1401 1649 1640 1732 inopia,
1685 1647 1925 1733 absque
1969 1649 2204 1732 regiisb
2236 1647 2438 1732 copiis
2471 1586 2851 1712 clausostem

620 1733 1036 1796 munitionem
1078 1732 1327 1816 appetit
1368 1731 1555 1816 eique
1601 1730 1995 1795 obsidionem
2041 1732 2537 1816 circumquaque
2567 1730 2849 1795 adhibet.

624 1816 834 1896 Quam
882 1815 1179 1879 continua
1225 1836 1353 1900 opp
1445 1816 1701 1879 natione
1721 1827 1745 1857 ‘²
1789 1817 2140 1901 exagitanS,
2189 1817 2409 1900 quinto
2439 1813 2699 1878 tandem
2744 1813 2851 1880 die

620 1899 973 1986 ingreditur
1014 1899 1332 1984 capitque.
1454 1898 1572 1963 llos
1604 1921 1855 1985 quoque
1888 1903 1996 1984 qui
2026 1899 2146 1964 sibi
2177 1899 2647 1984 surripuerantd
2678 1919 2852 1963 com-

620 1982 975 2084 prehendit.
1064 1982 1210 2065 Sed,
1253 1991 1473 2068 utpote
1518 1983 1616 2047 vir
1658 1983 1861 2048 bonus
1914 1982 2277 2070 nulliusque
2322 1984 2493 2047 vitae
2539 1981 2849 2065 aemuluS‚

619 2067 1215 2153 indempnes‘abire
1305 2067 1565 2132 ermisit.
1656 2064 1986 2152 Oppidum
2030 2067 2221 2131 etiam
2273 2066 2556 2131 funditus
2601 2066 2856 2131 subruit

621 2153 840 2236 sicque
882 2150 965 2214 ad
1008 2173 1123 2214 sua
1164 2174 1230 2215 re
1280 2151 1367 2214 iit.

768 2271 868 2334 22.
934 2270 1313 2335 Heribertus
1359 2281 1422 2335 et
1464 2271 1658 2356 Hugo
1702 2271 1938 2335 Remos
1984 2270 2278 2335 obsident
2319 2279 2382 2335 et
2425 2271 2689 2355 capiunt

1361 2354 1808 2440 presulemque
1851 2352 2111 2440 pellunt.

783 2455 1163 2520 Heribertus
1221 2455 1574 2520 malorume
1637 2458 2036 2520 occasionem
2087 2466 2330 2538 nactuS,
2387 2457 2520 2521 acsi
2579 2479 2845 2522 suorum

620 2539 930 2624 oppidum
986 2538 1267 2604 dirutum
1324 2538 1565 2620 dolenS,
1624 2540 1799 2624 apud
1858 2540 2202 2625 Hugonem
2260 2539 2506 2622 ducem,
2573 2540 2846 2627 qualiter

617 2623 851 2686 Remos
894 2622 1157 2687 invadat
1209 2632 1399 2707 atque
1456 2625 1834 2708 episcopum
1892 2632 2237 2709 expungat,
2291 2623 2848 2690 vehementissime

618 2706 769 2789 agit.
858 2703 981 2768 Oui
1023 2727 1179 2769 mox
1222 2706 1478 2791 Hugof,
1524 2717 1746 2792 utpote
1790 2707 2039 2770 tiranno
2069 2709 2374 2790 tirannus,
2421 2709 2846 2790 consentiens,

618 2811 755 2852 sese
800 2787 1249 2852 auxiliaturum
1294 2788 1644 2874 pollicetur.
1733 2789 2012 2855 Collecto
2064 2792 2154 2854 ita
2198 2814 2280 2855 ue
2323 2793 2599 2876 agmine,
2651 2791 2848 2856 ambo

615 2872 683 2935 in
727 2872 952 2937 urbem
995 2872 1300 2954 feruntur,
1360 2873 1560 2938 multa
1619 2895 1762 2938 eam
1821 2875 2061 2938 circum
2123 2896 2159 2938 o
2210 2874 2456 2939 sidione
2514 2875 2847 2941 vallantes,

614 2956 863 3020 Urbani
905 2956 1244 3021 Heriberto
1273 2955 1592 3039 ·faventes,
1639 2980 1712 3022 eo
1773 2958 1944 3044 quod
1996 2959 2172 3042 regio
2229 2959 2409 3023 iussu
2462 2960 2596 3024 eius
2643 2958 2848 3024 filium

616 3050 763 3103 ante
806 3037 1145 3103 Artoldum
1189 3040 1587 3126 delegissent,
1645 3040 1810 3106 bello
1867 3041 2102 3106 cedunt
2156 3042 2474 3128 presulem
2522 3066 2602 3107 ue
2657 3043 2846 3108 relin-

618 3130 820 3208 quunt
860 3133 1052 3208 atque
1096 3123 1178 3188 ad
1222 3147 1375 3190 suae
1405 3147 1650 3210 poenae
1692 3124 2020 3190 cumulum
2064 3125 2416 3192 desertores
2447 3149 2487 3191 a
2560 3128 2850 3193 tirannos

617 3217 963 3272 transeunt.
1035 3207 1295 3293 Apertis
1340 3230 1490 3273 vero
1534 3210 1734 3293 portis
1781 3221 1964 3274 sexta
2007 3210 2352 3275 obsidionis
2398 3210 2518 3293 die,
2563 3211 2850 3277 tirannos

616 3291 684 3354 in
726 3291 883 3355 urbe
950 3291 1092 3355 exci
1142 3293 1297 3356 iunt.
1401 3292 1704 3358 Artoldus
1816 3291 2010 3375 ulsusx,
2068 3293 2152 3356 ad
2207 3294 2582 3358 coenobium
2646 3297 2851 3362 sancti

616 3374 893 3458 Remigii
963 3397 1080 3460 pro
1130 3377 1409 3459 ciscitur,
1484 3397 1665 3440 suam
1735 3316 1828 3440 igi
1892 3377 2035 3441 Deo
2098 3379 2494 3463 conspectori
2559 3381 2851 3443 omnium

619 3458 1075 3542 querimoniam
1118 3459 1407 3524 fundens·
1496 3460 1669 3525 Ubiss
1711 3481 1864 3524 mox
1908 3462 2356 3546 episcoporum
2399 3461 2728 3547 aliquibus
2771 3485 2850 3528 ac

660 3541 1001 3606 uibusdam
1046 3545 1452 3641 magnatibus
1498 3545 1784 3628 stipatUS,
1839 3543 2204 3630 rogabatur,
2265 3555 2335 3610 ut
2376 3544 2850 3612 Avenniacensi

618 3645 656 3686 a
700 3624 911 3689 batia³
959 3625 1302 3712 Sanctique
1344 3627 1563 3692 Basoli
1604 3627 1840 3693 rebush
1885 3638 2239 3711 contentuS,
2284 3629 2595 3715 episcopii
2641 3631 2852 3717 digni-

615 3715 743 3772 tate
787 3729 925 3772 sese
954 3708 1297 3775 abdicaret.
1363 3709 1578 3797 Atque
1607 3712 1822 3776 multis
1852 3714 2168 3776 minarum
2197 3713 2546 3778 terroribus
2577 3714 2849 3780 affectus

618 3793 950 3873 consentit,
979 3793 1221 3858 iuratus
1250 3796 1460 3878 etiam,
1491 3806 1563 3860 ut
1589 3796 1808 3878 fertur,
1837 3797 2194 3882 repudium.
2272 3796 2360 3862 Et
2386 3795 2646 3866 tandem
2678 3800 2852 3862 cani-

614 3874 737 3940 bus
768 3873 1179 3960 satisfaciens,
1223 3877 1304 3941 ad
1338 3878 1644 3943 Sanctum
1669 3879 1972 3943 Basolum
2003 3878 2096 3943 ibi
2125 3890 2486 3945 moraturus
2516 3883 2851 3948 abscessit.

735 3999 779 4052 a)
814 4002 1191 4044 determinandae
1222 4015 1256 4044 e.
1330 4002 1377 4054 b)
1411 4009 1533 4054 regts
1570 4008 1606 4045 1.
1680 4005 1722 4057 c)
1755 4008 2100 4056 expugnatione
2133 4009 2174 4048 1.
2237 4005 2286 4058 d)
2318 4007 2442 4050 subr.
2477 4011 2518 4048 1.
2579 4005 2622 4058 e)
2657 4010 2775 4049 mali
2810 4013 2852 4050 1.

616 4056 653 4109 f)
687 4069 740 4098 ac
771 4061 849 4102 del.
969 4059 1015 4112 g)
1049 4061 1136 4108 Qui
1171 4065 1211 4104 1.
1331 4061 1379 4114 h)
1407 4069 1509 4113 poet
1541 4065 1640 4107 add.

616 4223 675 4292 3)
714 4155 821 4277 Al)
860 4156 1040 4209 Verba
1066 4163 1188 4208 sunt
1212 4158 1504 4210 Flodoardi
1530 4160 1654 4210 940.
1779 4159 1837 4226 2)
1875 4161 2030 4212 Haec
2057 4161 2332 4226 Richems‚
2359 4162 2568 4228 reliqua
2595 4177 2661 4212 ex
2690 4162 2853 4216 Flod.

763 4243 955 4294 venay.
