3059 4834
581 281 685 331 156
1065 279 1370 332 RICHERI
1409 279 1920 332 HISTORIARUM
1955 279 2181 328 LIBER
2218 278 2354 331 1111.

451 463 553 504 9⁹1·
572 448 955 534 promissam
997 469 1134 511 sese
1176 468 1485 532 umquam
1543 445 1960 526 violaturum3
2013 467 2238 543 regum
2295 443 2510 510 hostes
2551 467 2671 530 pro
2715 447 2823 509 in—

339 523 445 564 Iun.
480 525 552 564 1‘1.

255 580 395 622 Gerb.
435 594 476 622 c.
510 583 553 624 5.

434 1978 471 2008 c.
506 1967 547 2008 6.

573 533 764 616 genio
809 541 874 596 et
915 531 1160 596 viribus
1202 531 1676 615 impetiturum3
1728 527 1982 614 illisque
2038 550 2106 591 m
2159 527 2334 591 nullo
2377 530 2822 593 communica-

572 625 809 679 turum.
856 614 988 679 Sed
1017 615 1171 701 quia
1198 612 1473 678 Karolus
1516 611 1874 677 avunculus
1904 634 2084 675 meus
2101 625 2120 658 ¹
2151 633 2375 710 regum
2405 611 2819 676 adversarius

575 706 770 784 patet,
830 720 978 762 cum
1030 699 1089 762 ei
1141 699 1196 761 is
1247 696 1326 761 de
1379 719 1504 782 quo
1558 696 1881 782 loquimur
1937 697 2429 760 commumcavit
2482 695 2814 781 fidemque

578 791 974 846 sacramento
1029 781 1225 862 dedit,
1282 782 1382 844 ius
1436 779 1590 844 fidei
1631 781 1984 865 promissae
2075 780 2282 843 enitus
2324 777 2603 863 abrupit.
2705 781 2820 843 An

576 867 871 930 Manasse
890 876 916 907 ⁸
945 873 1009 928 et
1035 865 1350 963 Rotgerus
1393 885 1621 949 regum
1650 863 2000 927 adversarii
2026 801 2286 927 dicendi
2326 885 2456 927 non
2485 873 2653 944 sunt,
2743 865 2818 926 ui

577 971 723 1013 cum
759 947 1000 1013 Karolo
1044 949 1223 1013 urb1s
1249 949 1598 1012 Remorum
1639 969 2015 1032 pervasores
2055 947 2231 1010 fuere
2277 956 2339 1010 et
2380 957 2638 1011 sanctae
2754 949 2816 1011 ei

575 1033 900 1118 genitricis
942 1032 1184 1096 Mariae
1237 1030 1570 1096 basilicam
1629 1053 1776 1094 cum
1818 1039 2062 1096 armata
2103 1051 2297 1093 manu
2338 1031 2611 1115 ingressi
2662 1042 2822 1095 sunt

576 1118 1134 1202 sanctuariumque
1177 1114 1417 1180 nefario
1460 1117 1755 1200 ingressu
1795 1113 2239 1179 violaverlmt‘?
2281 1114 2420 1177 Hos
2466 1115 2662 1178 etiam
2690 1116 2814 1179 iste

577 1201 675 1264 sui
721 1197 967 1264 consilii
1011 1199 1306 1263 custodes
1351 1210 1413 1263 et
1455 1200 1808 1262 amicorum
1850 1197 2190 1282 precipuos
2234 1195 2528 1262 habebat.
2616 1199 2814 1279 Quod

578 1285 729 1368 quia
759 1282 1303 1348 evidentissimum
1334 1293 1447 1365 est,
1492 1281 1665 1346 dicat
1705 1283 1918 1344 nuncb
1961 1282 2119 1366 ipse,
2165 1282 2380 1343 cuius⁶
2421 1280 2814 1380 impulsione

576 1377 687 1430 aut
744 1368 1037 1431 suasione
1091 1367 1303 1430 istud‘l
1358 1387 1699 1450 aggressus
1757 1366 1856 1428 sit.
1949 1364 2082 1427 Aut
2137 1374 2307 1428 certe
2361 1363 2471 1428 alii
2523 1366 2820 1430 mtendet

578 1461 691 1516 aut
735 1451 1063 1515 convictus
1104 1451 1483 1515 testimoniis
1543 1448 1844 1512 labascet.
1951 1446 2174 1512 Nullus
2233 1449 2813 1532 consanguinitatis

577 1555 776 1614 amor,
820 1533 995 1597 nulla
1037 1534 1291 1598 habitae
1334 1530 1782 1596 familiaritatis
1825 1533 2030 1615 gratia
2072 1555 2111 1596 a
2151 1533 2310 1596 recti
2352 1530 2575 1595 iudicii
2601 1532 2817 1598 forma

576 1639 680 1680 me
724 1616 937 1702 aliquo
982 1617 1174 1679 modo
1220 1615 1559 1679 seducent'.

574 1773 675 1837 57.
761 1773 971 1836 Lause
1018 1771 1493 1837 Godesmanni⁰
1539 1771 1618 1836 de
1670 1773 2192 1854 magnanimitate
2210 1773 2299 1816 Μ’
2338 1772 2660 1836 Brunonis
2701 1782 2813 1837 ete

918 1865 1025 1920 ute
1068 1856 1150 1921 ab
1197 1877 1271 1920 eo
1316 1855 1612 1919 iuditium
1656 1857 2048 1942 proferatur⁰
2091 1855 2455 1940 postulatio·

744 1957 1227 2023 Godesmannus
1285 1957 1739 2022 Ambianensis
1809 1959 2148 2043 episcopus
2217 1956 2408 2021 dixit:
2475 1956 2812 2021 ‘Novimus

566 2040 945 2105 venerabilis
971 2042 1289 2106 Brunonis
1323 2042 1932 2126 magnanimitatem,
1976 2063 2166 2126 quem
2194 2040 2402 2104 nullus
2433 2040 2764 2104 affinitatis
2781 2053 2812 2095 8

568 2145 765 2202 amor,
807 2123 981 2188 nulla
1028 2123 1418 2189 familiaritas
1462 2146 1501 2187 a
1542 2127 1807 2191 veritate
1865 2133 2238 2210 sequestrat,
2281 2135 2347 2189 at
2388 2125 2566 2211 rigor
2609 2126 2811 2187 animi

572 2217 635 2272 et
677 2229 927 2272 morum
970 2210 1256 2307 probitas
1306 2209 1660 2272 veridicum
1721 2218 1783 2273 et
1841 2209 1947 2271 cui
2007 2208 2396 2272 credendum
2455 2210 2536 2272 sit
2592 2230 2811 2292 prom-

567 2292 812 2356 tissime
854 2292 1153 2356 indicant.
1238 2293 1332 2356 Er
1379 2294 1456 2356 ο11
1547 2293 1654 2357 uia
1699 2291 1778 2355 de
1825 2292 2293 2356 examinatione
2337 2301 2549 2357 reatus
2591 2293 2812 2356 fratris

569 2384 634 2439 et
676 2377 1043 2462 coepiscopi
1084 2377 1286 2440 nostri
1455 2376 1521 2439 ul
1609 2377 1846 2440 mentio
1891 2398 1965 2440 su
2016 2379 2183 2440 erius
2226 2376 2397 2440 facta
2437 2385 2552 2457 est,
2598 2374 2682 2439 ab
2731 2398 2809 2440 eo

570 2459 1003 2544 quaerendum
1046 2459 1316 2543 videtur,
1361 2461 1546 2546 quale
1590 2483 1673 2524 ex
1716 2458 1839 2523 hac
1879 2481 1948 2522 re
2032 2459 2349 2524 abendum
2380 2461 2461 2524 sit
2488 2459 2812 2542 iuditium,

568 2564 643 2607 eo
690 2542 863 2641 quod
896 2545 1111 2629 ipsum
1142 2554 1436 2630 oporteat
1463 2543 1675 2608 iuditii
1705 2553 2059 2629 temperare
2091 2564 2443 2624 censuram,
2489 2565 2636 2607 cum
2666 2545 2810 2630 ipse

568 2627 661 2689 sic
705 2636 869 2691 mter
921 2637 1264 2713 utrumque
1324 2630 1407 2692 sit
1451 2629 1832 2692 constitutus
1851 2676 1866 2707 ,
1929 2636 2000 2690 ut
2042 2636 2106 2690 et
2160 2629 2298 2712 regi
2341 2627 2536 2692 fidem
2579 2636 2645 2692 et
2685 2629 2808 2690 Ar-

567 2707 742 2773 nulfo
788 2733 870 2773 ex
915 2713 1465 2795 consanguinitate
1510 2710 1916 2776 dilectionem
1947 2708 2195 2774 debeat.
2261 2710 2449 2775 Unde
2481 2721 2544 2775 et
2570 2710 2807 2774 nullius

570 2791 702 2856 doli
744 2795 1097 2878 suspitione
1139 2796 1449 2860 tenendus
1494 2796 1632 2876 erit,
1679 2815 1870 2892 quem
1915 2793 2184 2858 fidelitas
2231 2793 2477 2858 domini
2518 2794 2601 2858 ad
2644 2793 2807 2858 iudi-

569 2876 731 2939 tium
789 2875 1080 2941 incitabit
1129 2888 1191 2942 et
1250 2880 1480 2943 caritas
1522 2879 1805 2962 prommi
1847 2899 1887 2940 a
1929 2877 2359 2942 malivolentia
2399 2879 2804 2963 prohibebit'.

1183 3035 1284 3099 58.
1370 3034 1757 3119 Responsioi
1799 3033 2173 3098 Brunonisi.

734 3132 886 3198 Adk
928 3134 1046 3198 hec
1103 3134 1320 3198 Bruno
1373 3137 1742 3221 episcopus:
1811 3136 2147 3218 ‘Mentem',
2205 3136 2441 3222 inquit,
2505 3142 2805 3201 ‘vestram

566 3217 717 3280 satis
776 3217 966 3304 plane
1023 3217 1327 3304 intelligo.
1440 3219 1600 3301 Hic,
1671 3219 1780 3304 qui
1835 3241 1983 3284 reus
2037 3221 2386 3285 maiestatis
2442 3229 2802 3302 accusatur,

564 3302 775 3364 carnis
817 3301 1120 3368 affinitate
1177 3304 1334 3367 mihi
1392 3305 1829 3388 coniungitur,
1884 3313 2103 3390 utpote
2155 3302 2451 3369 avunculi
2508 3305 2638 3368 mei
2680 3304 2803 3368 Lo-

562 3383 751 3449 tharii
802 3389 973 3472 regis
1025 3386 1210 3451 filius.
1308 3388 1497 3453 Unde
1551 3396 1615 3452 et
1666 3397 1879 3452 vestra
1920 3385 2280 3472 benignitas
2325 3388 2482 3450 mihi
2524 3386 2666 3451 fieri
2709 3389 2802 3450 in-

562 3467 792 3531 iuriam
834 3471 1110 3553 metuit¹,
1156 3473 1210 3534 si
1254 3471 1522 3556 dignum
1567 3471 1646 3535 de
1690 3493 1765 3536 eo
1804 3493 1844 3535 a
1880 3471 2068 3536 vobis
2143 3471 2454 3536 roseratur
2481 3471 2801 3536 iuditium.

564 3550 695 3616 Sed
738 3554 931 3635 absit,
992 3563 1062 3617 ut
1118 3576 1402 3620 amorem
1464 3555 2033 3640 consanguinitatis
2149 3554 2331 3620 hristi
2388 3576 2604 3619 amore
2708 3577 2802 3619 re-

562 3633 892 3700 ciosiorem
934 3637 1224 3702 habeam.
1310 3640 1470 3704 Rem
1515 3638 1686 3702 unde
1729 3638 1939 3724 agitur
1979 3639 2278 3703 sanctitas
2328 3648 2539 3704 vestra
2583 3660 2659 3702 su
2705 3637 2800 3703 tili

559 3718 863 3804 indagine
905 3743 1158 3785 mecum
1202 3722 1530 3806 discutiat3
1591 3722 1670 3786 de
1714 3721 2242 3787 condemnatione
2298 3722 2593 3786 convicto
2645 3722 2799 3786 infe-

679 3907 725 3961 ε.)
756 3910 919 3950 Manat
948 3922 985 3950 c.
1120 3908 1168 3961 b)
1197 3916 1297 3960 poet
1336 3911 1437 3952 add.
1576 3910 1619 3963 c)
1651 3923 1743 3961 qua
1775 3914 1816 3952 1.
1957 3910 2002 3964 d)
2031 3912 2080 3951 id
2112 3914 2155 3952 1.
2297 3909 2342 3962 e)
2367 3911 2482 3964 Lau,
2514 3923 2637 3963 man,
2671 3915 2797 3965 nani,

560 3970 607 4007 et
634 3971 687 4007 ut
716 3979 757 4021 a,
798 3969 931 4018 profe
964 3967 1023 4022 (2)
1056 3969 1170 4009 abac.
1321 3969 1357 4020 f)
1393 3992 1446 4002 -
1492 3973 1635 4012 tatem
1667 3983 1701 4012 c.
1853 3969 1899 4022 g)
1943 3970 2357 4020 consanguinitatis
2391 3972 2430 4010 1.
2579 3969 2628 4022 h)
2660 3970 2722 4012 At
2753 3974 2796 4011 1.

557 4023 594 4077 i)
626 4026 709 4078 Re,
741 4029 821 4069 Br.
856 4029 969 4068 absc.
1069 4027 1118 4080 k)
1146 4030 1207 4069 Et
1235 4030 1291 4070 Β.
1324 4040 1395 4079 ep.
1426 4030 1670 4080 respondit
1700 4031 1740 4068 1.
1840 4026 1875 4080 1)
1905 4030 2050 4070 metui
2079 4041 2114 4071 ο.

581 4241 594 4253 ο
710 4167 764 4230 1)
802 4167 978 4218 Mater
1014 4169 1279 4222 Brunonis
1317 4169 1429 4221 filia
1468 4175 1582 4221 erat
1619 4170 1930 4236 Gerbergae
1970 4176 2024 4221 et
2062 4169 2352 4223 Giselberti
2391 4168 2546 4222 ducis
2584 4170 2786 4223 Lotha-

552 4255 842 4305 ung-orum.

3022 263 3031 360 h*
3028 173 3031 188 ..
3028 129 3031 158 -.-

3022 1025 3031 1460 „-—..*—-—-—.-1-.„..-—-...
3026 969 3031 1016 .-..
