3059 4834
669 276 975 328 RIOHERI
1014 277 1518 330 HISTORIARUM
1555 277 1777 329 LIBER
1814 278 1952 329 1111.
2329 278 2431 328 173

210 451 342 508 tum
383 465 633 508 necnon
674 451 738 508 et
781 445 1227 530 episcoporum
1277 443 1667 509 voluntatem
1718 467 1910 530 super
1963 443 2084 508 hoc
2141 446 2430 531 aperiant
2449 461 2548 504 995.

214 527 446 612 eisque,
490 536 562 591 ut
604 549 751 590 cum
794 529 924 591 suis
968 529 1283 615 episcopis
1328 529 1729 610 conveniant,
1787 527 2244 594 rationabiliter
2287 550 2427 592 sua-

210 609 465 694 deant¹³3
494 609 705 674 locum
736 612 926 677 etiam
956 621 1353 698 tempusque,
1386 634 1512 697 quo
1545 622 1608 676 et
1638 611 1892 697 quando
1925 612 2426 677 conveniendum

212 705 403 841 espet,
462 717 502 758 a
542 696 799 782 regibus
843 696 1159 761 discerent
1208 697 1598 782 eorumqueb
1653 697 1936 759 animum
1993 718 2076 760 ex
2127 695 2250 760 hoc
2307 695 2430 760 sibi

212 800 277 842 re
301 786 525 844 errent.

211 933 309 998 96.
394 934 586 1014 Quod
604 948 628 978 ⁰
668 934 929 1021 regibus
998 937 1419 1022 nuntiatJumc
1462 937 1574 1017 sit,
1631 938 1962 1023 episcopos
2009 935 2428 1001 Germaniae⁰

351 1068 358 1074 .
862 1022 930 1084 in
998 1019 1293 1084 sinodum
1309 1022 1355 1106 ⁰]
1402 1021 1758 1085 convenire.

370 1121 597 1207 Legati
666 1124 859 1209 igitur
928 1123 1148 1189 directi
1210 1133 1375 1188 sunt.
1500 1122 1770 1208 Legatio
1841 1144 2092 1222 quoque
2161 1121 2427 1208 prolata.

210 1205 416 1286 Quam
432 1207 460 1248 ‘¹
503 1208 695 1271 etiam
736 1230 918 1293 reges
962 1209 1363 1273 serenissima
1403 1217 1615 1272 mente
1658 1207 2065 1293 exciplentes,
2117 1227 2322 1292 papae
2365 1215 2427 1271 et

206 1312 242 1354 e
287 1291 652 1376 iscoporum
693 1291 1007 1356 mandatis
1051 1292 1117 1354 in
1158 1290 1332 1357 nullo
1374 1299 1526 1354 tunc
1563 1290 1861 1376 refragati
1891 1298 2068 1371 sunt3
2113 1311 2250 1354 sese
2281 1310 2425 1353 con-

206 1395 236 1437 s
285 1374 413 1437 ’um
456 1396 650 1460 super
689 1373 810 1438 hoc
855 1376 1250 1461 quaesituros
1294 1375 1748 1460 respondentes
1804 1385 1993 1460 atque
2040 1375 2424 1458 aequitatem

206 1456 283 1521 de
326 1458 619 1523 omnibus
661 1458 960 1522 facturos.
1046 1459 1302 1545 Legatis
1345 1460 1562 1544 itaque
1605 1459 1918 1540 abductiS‚
1960 1480 2076 1543 per
2113 1457 2424 1556 quosdam

204 1542 460 1626 regibus
502 1542 851 1607 indicatum
881 1551 994 1625 est,
1038 1542 1506 1608 Adalberonem
1537 1543 2024 1606 Laudunensem
2053 1563 2424 1640 eplscopum

203 1624 359 1690 haec
404 1625 548 1690 dolo
593 1627 949 1710 ordinasse3
996 1628 1251 1692 omnino
1306 1628 1497 1693 etiam
1551 1626 1725 1713 apud
1764 1625 2057 1692 Odonem
2098 1624 2256 1689 1llud
2297 1627 2424 1710 pri-

200 1708 346 1772 dem
387 1719 831 1794 pertractasse·
878 1733 1097 1776 eorum
1138 1722 1475 1798 utrumque
1512 1711 1580 1773 in
1608 1721 1756 1775 voto
1786 1709 2102 1784 habuisse,
2145 1720 2216 1774 ut
2246 1707 2425 1773 Otto-

200 1803 386 1854 nem⁰
428 1814 646 1876 regem
690 1793 791 1856 Gra
839 1795 916 1857 iis
959 1793 1333 1859 inducerent
1388 1804 1451 1859 et
1510 1815 1696 1878 reges
1738 1794 1993 1878 ingenio
2054 1803 2118 1858 et
2171 1792 2421 1856 viribus

199 1873 369 1936 foras
414 1886 883 1960 expungerent3
942 1879 1275 1962 episcopos
1335 1899 1592 1962 quoque
1637 1875 2017 1941 Germaniae
2074 1875 2218 1940 ideo
2279 1897 2422 1939 con-

199 1958 437 2040 venire,
481 1968 554 2024 ut
593 1957 808 2022 dolum
852 1961 1207 2044 quaesitum
1250 1959 1566 2045 expleant.
1650 1960 1860 2044 Reges
1903 1960 2153 2044 itaque,
2199 1958 2422 2023 fraude

198 2052 521 2128 percepta,
565 2043 885 2141 episcopis
912 2043 1037 2106 iam
1068 2043 1152 2107 ad
1181 2042 1389 2107 locum
1433 2043 1868 2128 designatumf
1899 2040 2420 2107 convenientibus

197 2148 316 2211 per
342 2125 586 2210 legatos
613 2126 977 2191 mdicavere
993 2138 1040 2208 8,
1090 2148 1230 2192 sese
1259 2126 1409 2191 illuc
1435 2149 1568 2190 non
1593 2129 1809 2209 ituros,
1855 2149 1931 2192 eo
1963 2127 2133 2212 quod
2161 2148 2421 2190 suorum

195 2211 581 2295 praecipuos
622 2212 864 2295 penesh
922 2211 1027 2274 seh
1070 2231 1199 2274 non
1238 2210 1578 2288 haberent,
1623 2212 1796 2275 sineh
1841 2232 2110 2296 quorum
2155 2209 2420 2275 consilio

196 2291 356 2356 nihil
397 2293 715 2376 agendum
757 2292 862 2357 vel
919 2294 1375 2359 omittendumi
1417 2294 1783 2377 videbatur3
1837 2293 2170 2379 indignum
2229 2295 2421 2358 etiam

153 2405 157 2409 ·
197 2376 325 2440 sibi
352 2377 575 2458 videri,
614 2381 669 2440 si
698 2378 1074 2442 correctioni
1103 2379 1552 2464 episcoporum
1582 2377 1964 2444 Germaniae
1993 2400 2141 2442 suos
2171 2378 2420 2461 subdat,

197 2481 351 2522 cum
394 2461 499 2524 isti
541 2483 669 2525 non
705 2462 913 2524 minus
941 2459 1205 2544 nobiles,
1248 2484 1377 2526 non
1405 2463 1614 2525 minus
1642 2470 1954 2559 potentes,
1998 2484 2198 2547 aeque
2228 2463 2422 2526 etiam

194 2552 310 2607 aut
344 2543 618 2629 amplius
662 2566 733 2608 sa
776 2546 975 2610 ientes
1021 2547 1176 2628 sint;
1218 2547 1346 2631 ipsi
1388 2567 1561 2632 ergo,
1607 2567 1660 2608 s1
1703 2544 2019 2630 indigent,
2063 2546 2132 2609 in
2177 2543 2418 2610 Gallias

190 2648 319 2712 pro
369 2636 572 2710 erent,
644 2650 731 2692 un
778 2651 812 2694 e
867 2627 1091 2694 volunt
1144 2630 1429 2712 edicant3
1493 2629 1810 2715 alioquin,
1867 2628 2130 2695 redeant
2185 2639 2249 2694 et
2307 2651 2422 2693 sua

193 2719 271 2773 ut
335 2711 468 2775 ibet
510 2723 749 2778 curent.
835 2712 1085 2778 Horum
1129 2735 1280 2798 ergo
1297 2714 1327 2755 ¹¹
1370 2737 1470 2778 res
1509 2715 1578 2776 in
1609 2713 1997 2777 contrarium
2021 2714 2273 2798 relapsa
2304 2723 2417 2779 est.

190 2792 518 2860 Adalbero
570 2797 758 2879 enim,
801 2799 912 2883 qui
967 2797 1192 2862 horum
1244 2798 1602 2862 ministrum
1656 2818 1794 2862 sese
1895 2797 2219 2878 rebuerat,
2275 2819 2422 2861 cum

190 2875 565 2944 delationisk
585 2881 836 2946 nescius
851 2904 921 2946 re
968 2903 1035 2945 es
1057 2892 1360 2964 moneret,
1392 2890 1462 2945 ut
1494 2882 1849 2946 occurrenti
1895 2903 1970 2945 us
2001 2880 2373 2946 obvenirent
2386 2883 2424 2962 ¹,

188 2985 316 3026 rex
357 2972 717 3046 veteranus,
760 2964 902 3028 frau
948 2967 1079 3029 ium
1128 2968 1301 3031 nonh
1354 2966 1615 3051 ignarus
1634 3013 1652 3046 ,
1707 2964 2140 3048 Ludovicum,
2197 2963 2423 3029 Karoli

188 3044 418 3128 filium,
461 3046 545 3112 ab
590 3069 665 3112 eo
707 3048 1005 3134 reposcit,
1049 3070 1238 3134 quem
1281 3050 1351 3112 in
1394 3051 1689 3135 captione
1717 3048 2017 3113 Lauduni
2060 3059 2318 3135 captum
2361 3050 2421 3113 ei

188 3130 687 3195 custodiendum
729 3133 1147 3197 commiserat.
1248 3134 1640 3219 Repoposcit
1683 3133 1873 3198 etiam
1917 3132 2200 3197 eiusdem
2243 3131 2418 3198 urbis

185 3234 428 3297 arcem,
473 3237 665 3300 quam
710 3213 997 3280 similiter
1037 3218 1460 3282 commiserat.

276 3372 398 3452 397.
483 3369 859 3436 Adalberom
904 3373 1094 3437 totius
1140 3371 1403 3459 [fraudis
1416 3373 1480 3462 m]
1527 3394 1721 3436 causa
1761 3371 2311 3458 reprehenditurm.

367 3472 513 3553 Quo
557 3474 799 3539 credita
840 3473 1105 3540 reddere
1146 3477 1355 3540 reniso
1371 3524 1387 3557 ,
1430 3475 1593 3561 regii
1636 3476 1970 3560 stipatores
2008 3477 2221 3538 animo
2259 3474 2417 3538 indi-

188 3565 433 3640 gnante
464 3557 891 3622 subinferunt:
951 3557 1137 3623 ‘Cum
1167 3570 1255 3642 m,
1302 3562 1339 3623 ό
1370 3560 1692 3645 episcope,
1721 3563 1789 3623 in
1864 3560 2164 3624 emiciem
2191 3580 2420 3644 regum

190 3649 259 3704 et
323 3640 691 3739 principum
756 3642 929 3728 apud
989 3643 1290 3708 Ottonem
1343 3665 1562 3728 regem
1619 3654 1682 3709 et
1736 3642 1793 3707 Ο
1843 3663 2026 3707 onem
2097 3644 2417 3707 tirannum

187 3721 468 3809 plurima
524 3727 868 3811 quaesieris
884 3773 901 3808 ‚
957 3727 1275 3813 quomodo
1326 3728 1432 3791 hic
1490 3737 1640 3792 ante
1693 3726 1985 3791 dominos
2043 3735 2186 3790 tuos
2231 3749 2415 3811 reges

49 3851 52 3897 ἶ
186 3815 325 3871 tam
370 3810 709 3892 magnifica
750 3809 1114 3896 confingere
1154 3832 1283 3875 non
1324 3810 1605 3876 vereris?
1689 3810 1864 3892 Quid
1905 3809 2305 3875 Ludovicum
2355 3819 2418 3874 et

49 3899 53 3956 l
182 3912 406 3956 arcem
447 3891 757 3959 reddere¹¹
823 3896 1087 3978 metuis,
1152 3895 1207 3958 si
1261 3895 1455 3960 fidem
1510 3892 1770 3980 regibus
1825 3904 1888 3959 te
1947 3915 2231 3959 servasse
2287 3915 2417 3958 non

314 4079 361 4133 a)
395 4082 485 4130 Qui
510 4087 757 4133 postquam
786 4086 1085 4136 impetrarent
1114 4089 1163 4126 et
1188 4085 1219 4127 l.
1238 4089 1270 4125 t.
1291 4087 1331 4126 1.
1451 4084 1499 4136 b)
1535 4096 1622 4136 que
1633 4091 1733 4135 poet
1748 4086 1849 4128 add.
1969 4083 2012 4138 c)
2045 4084 2190 4137 Quod,
2222 4086 2416 4136 nuntiat,

190 4139 339 4192 Get-n,
371 4143 584 4182 mnodum
602 4144 716 4184 abac.
835 4143 882 4195 d)
918 4143 1049 4193 Quod
1065 4148 1105 4187 1.
1227 4143 1273 4196 e)
1305 4144 1358 4187 Ο.
1390 4155 1429 4186 ι·.
1460 4157 1495 4184 c.
1525 4145 1714 4194 saepius.
1831 4142 1868 4196 f)
1901 4154 2038 4193 quem
2061 4155 2193 4194 reges
2209 4145 2418 4194 designa-

182 4204 358 4240 vorant
374 4203 416 4242 1.
536 4199 584 4253 g)
615 4203 837 4243 indicavit
852 4206 893 4243 1.
1011 4204 1060 4257 h)
1090 4205 1299 4255 postadd.
1418 4202 1453 4255 i)
1488 4215 1529 4244 0.
1546 4205 1818 4245 videbantur
1838 4206 1877 4245 1.
1998 4203 2050 4257 k)
2081 4205 2354 4255 proditionis
2373 4205 2414 4244 1.

49 4269 52 4301 ι
181 4255 223 4308 l)
260 4259 503 4300 obveniret
530 4271 566 4302 c.
700 4260 764 4313 m.)
798 4260 1087 4318 Ad(albero),
1118 4264 1309 4316 fraudis,
1340 4262 1505 4315 repreh
1538 4263 1650 4303 absc.
1785 4260 1834 4314 n)
1869 4263 2030 4304 redere
2058 4275 2173 4306 corr.
2207 4263 2413 4304 reddere.
