3059 4834
556 291 661 340 100
1044 283 1351 334 RICHERI
1390 283 1897 334 HISTORIARUM
1934 283 2155 334 LIBER
2191 281 2300 335 111.

492 509 499 517 .
554 478 631 520 ac
674 455 820 519 miri
842 453 939 519 elo
986 453 1077 516 uii
1119 453 1236 534 vir,
1280 473 1407 538 quo
1500 450 1864 514 ostmodum
1908 459 2042 514 tota
2071 449 2302 531 Gallia,
2331 450 2504 514 aesia
2530 450 2802 515 lucerna

319 1469 401 1526 Ἰ).
435 1473 535 1514 617.

552 538 817 604 ardente
894 539 959 601 vi
1004 535 1295 601 rabunda
1356 557 1427 598 re
1499 533 1606 598 lsit
1627 547 1665 603 ¹.
1770 535 1899 614 Qui
1963 534 2326 621 Aquitanas
2379 556 2650 618 genere,
2719 537 2802 598 in

555 623 907 688 coenobio²
954 623 1158 685 sancti
1201 618 1581 684 confessoris
1632 617 1897 682 Geroldi
1941 642 1980 682 a
2021 640 2224 703 puero
2267 617 2432 682 altus
2478 629 2544 683 et
2581 641 2798 704 gram-

554 709 791 771 matica
843 705 1103 770 edoctus
1150 713 1265 768 est.
1352 705 1430 766 In
1528 723 1612 765 uo
1666 711 1888 788 utpote
1940 700 2310 767 adolescens
2375 724 2524 765 cum
2583 702 2799 767 adhuc

553 793 833 856 intentus
876 798 1250 868 moraretur,
1307 787 1510 850 Borre
1533 785 1666 850 lum
1682 787 1710 827 ¹³
1772 787 2080 851 citerioris
2135 786 2492 872 Hispaniae
2558 786 2796 851 ducem

556 873 781 940 orandi
822 874 1029 958 gratia
1070 871 1152 936 ad
1195 870 1369 934 idem
1413 868 1794 934 coenobium
1849 871 2114 954 contigit
2171 869 2524 934 devenisse.
2615 871 2746 950 Qui
2769 884 2808 921 ⁶-

556 982 595 1024 a
638 958 765 1022 loci
816 956 1049 1021 abbate
1101 955 1556 1020 humanissime
1613 963 1954 1038 exceptuS,
2014 964 2163 1052 post
2219 976 2543 1018 sermones
2604 965 2793 1040 quot-

554 1039 770 1124 libetd,
814 1063 898 1104 an
940 1041 1006 1103 in
1048 1038 1295 1103 artibus
1336 1038 1602 1123 perfecti
1644 1039 1714 1101 in
1743 1039 2075 1124 Hispaniis
2117 1036 2529 1120 habeanture,
2577 1040 2794 1102 scisci-

553 1137 745 1190 tatur.
834 1122 1027 1205 Quod
1072 1144 1218 1187 cum
1261 1123 1739 1208 promptissime
1783 1131 2110 1204 assereret,
2157 1123 2217 1186 ei
2260 1145 2414 1186 mox
2443 1120 2526 1186 ab
2557 1120 2796 1188 abbate

556 1231 933 1296 persuasum
992 1218 1105 1287 est,
1161 1218 1233 1271 ut
1286 1228 1545 1270 suorum
1599 1205 1876 1292 aliquem
1921 1207 2276 1291 susciperet
2333 1228 2680 1292 secumque
2717 1206 2796 1269 in

558 1295 799 1359 artibus
842 1292 1203 1356 docendum
1248 1290 1529 1355 duceret.
1616 1290 1777 1354 Dux
1803 1291 2020 1376 itaque
2049 1312 2178 1353 non
2206 1290 2513 1373 abnuenS,
2547 1291 2798 1375 petenti

557 1376 903 1443 liberaliter
943 1377 1103 1440 favit
1146 1396 1221 1438 ac
1261 1375 1532 1438 fratrum
1587 1395 1898 1440 consensu
1943 1372 2332 1438 Gerbertum
2389 1383 2793 1459 assumptum

558 1460 748 1525 duxit
816 1471 1008 1546 atque
1071 1459 1341 1521 Hattoni
1537 1503 1552 1520 .
1573 1458 1596 1500 f
1654 1460 1998 1543 episcopo³
2081 1459 2555 1522 *instruendum
2621 1479 2797 1521 com-

556 1547 748 1608 misit.
834 1546 895 1607 A
943 1540 1032 1606 ud
1077 1564 1266 1626 quem
1312 1543 1504 1605 etiam
1547 1542 1615 1604 in
1658 1543 1926 1606 mathesi
1967 1540 2312 1627 plurimum
2354 1553 2417 1606 et
2445 1541 2797 1607 efficaciter

557 1627 819 1692 studuit.
897 1567 1035 1690 I{ed
1080 1647 1228 1688 cum
1271 1625 1598 1688 Divinitas
1645 1624 1924 1688 Galliam
1966 1628 2098 1689 iam
2141 1625 2522 1710 caligantem
2553 1647 2794 1710 magno

552 1711 793 1774 lumine
848 1708 1129 1774 relucere
1174 1706 1407 1791 voluit,
1465 1709 1769 1794 predictis
1825 1709 1975 1773 duci
2031 1719 2096 1774 et
2152 1712 2456 1796 episcopo
2511 1720 2795 1774 mentem

555 1794 750 1877 dedit,
808 1804 880 1857 ut
921 1794 1193 1856 Romam
1254 1795 1493 1856 oraturi
1551 1801 1858 1879 peterent.
1954 1795 2332 1880 Paratisque
2389 1794 2790 1877 necessariiS,

554 1880 677 1944 iter
730 1887 1001 1963 carpunt
1054 1899 1130 1939 ac
1180 1875 1651 1941 adolescentem
1706 1878 2117 1942 commissum
2177 1900 2396 1941 secum
2441 1877 2788 1942 deducunt.

552 1962 713 2027 Inde
776 1961 1022 2026 Urbem
1085 1962 1377 2046 ingressi,
1436 1970 1598 2046 post'
1645 1983 1868 2046 preces
1931 1970 2078 2025 ante
2143 1973 2396 2026 sanctos
2461 1960 2788 2046 apostolos

556 2047 785 2111 effusas
798 2058 846 2129 8,
912 2045 1139 2109 beatae
1195 2044 1656 2110 recordationis
1711 2067 1948 2130 papam
1965 2055 1992 2089 4
2039 2092 2303 2110 .....
2317 2048 2346 2087 ¹¹
2407 2045 2645 2112 adeunt
2707 2067 2790 2109 ac

556 2154 695 2196 sese
753 2132 814 2194 ei
878 2129 1181 2212 indicant,
1250 2129 1551 2215 quodque
1603 2131 1814 2194 visum
1873 2140 1967 2193 est
2023 2130 2102 2194 de
2161 2152 2277 2193 suo
2333 2129 2789 2194 iocundissime

553 2215 943 2301 impertiunt.

866 2335 968 2397 44.
1036 2333 1229 2414 Quod
1270 2333 1457 2396 Attoi
1501 2334 1745 2397 Romae
1790 2335 2104 2398 moratusi
2148 2333 2471 2397 decessiti.

720 2435 857 2500 Nec
919 2433 1103 2499 latuit
1165 2457 1401 2520 papam
1473 2435 1894 2500 adolescentis
1964 2435 2281 2499 industria
2343 2433 2661 2520 simulque
2727 2443 2792 2497 et

556 2519 842 2583 discendi
884 2518 1200 2583 voluntaS.
1302 2516 1389 2582 Et
1443 2521 1594 2603 quia
1651 2521 1897 2583 musica
1957 2531 2020 2583 et
2062 2519 2450 2583 astronomia
2493 2519 2560 2580 in
2601 2517 2789 2582 Italia

555 2612 707 2666 tunc
764 2604 1021 2688 penitus
1083 2601 1560 2687 ignorabantur,
1619 2625 1774 2666 mox
1829 2625 1914 2688 pa
1961 2625 2000 2664 a
2058 2602 2283 2667 Ottoni
2337 2627 2405 2667 re
2452 2602 2476 2665 i
2523 2601 2791 2666 Germa-

553 2687 697 2750 niae
769 2695 832 2750 et
899 2685 1122 2750 Italiae
1191 2696 1349 2770 per⁶
1420 2683 1706 2772 legatum
1723 2699 1746 2730 θ
1817 2689 1888 2750 in
1932 2688 2144 2768 icavit,
2207 2685 2361 2750 illuc
2408 2625 2791 2750 huiusmodi

553 2767 889 2833 advenisse
949 2769 1288 2850 iuvenem,
1357 2771 1468 2854 qui
1530 2769 1866 2836 mathesim
1926 2772 2164 2856 optime
2227 2779 2449 2835 nosset
2509 2791 2788 2856 suosque

554 2863 807 2917 strenue
852 2852 1081 2917 docere
1124 2851 1380 2917 valeret.
1465 2853 1624 2917 Mox
1653 2857 1847 2919 etiam
1875 2854 1957 2920 ab
1987 2877 2141 2939 rege
2219 2876 2377 2940 apae
2412 2876 2488 2918 su
2533 2863 2790 2938 gestum

554 2945 667 3017 est,
726 2945 797 2999 ut
837 2937 1137 3000 iuvenem
1193 2938 1493 3002 retineret
1546 2937 1918 3037 nullumque
1976 2960 2162 3023 regre
2213 2939 2382 3002 ’endi
2436 2961 2476 3002 a
2521 2941 2685 3004 itum
2727 2939 2790 3002 ei

553 3018 683 3082 ullo
740 3019 931 3084 modo
990 3020 1302 3104 preberet.
1391 3019 1521 3086 Sed
1577 3032 1641 3085 et
1692 3021 1842 3086 duc1
1899 3032 2092 3109 atque
2151 3023 2474 3108 episcop0,
2534 3023 2650 3109 qui
2703 3021 2787 3086 ab

556 3102 889 3187 Hispaniis
933 3115 1380 3186 convenerant,
1424 3127 1465 3168 a
1504 3127 1679 3192 papa
1706 3106 2173 3172 modestissime
2201 3107 2523 3189 indicitur,
2565 3129 2790 3192 regem

553 3185 716 3251 velle
762 3185 885 3250 sibi
936 3189 1233 3253 iuvenem
1286 3187 1371 3252 ad
1428 3199 1684 3274 tempus
1738 3192 2030 3273 retinere,
2089 3213 2166 3254 ac
2226 3213 2357 3256 non
2400 3189 2600 3256 multo
2645 3200 2796 3277 post

558 3292 705 3335 eum
748 3283 923 3336 sese0
970 3293 1117 3334 cum
1172 3271 1414 3338 honore
1472 3275 1918 3356 remissurum3
1982 3277 2246 3360 insuper
2301 3277 2494 3341 etiam
2551 3276 2793 3361 gratias

554 3353 705 3419 inde
746 3365 1398 3442 recompensaturum.
1482 3357 1712 3444 Itaque
1755 3359 1906 3424 duci
1949 3381 2026 3422 ac
2070 3361 2374 3446 episcopo
2417 3360 2487 3424 id
2531 3381 2795 3446 persua-

553 3460 697 3502 sum
755 3449 867 3522 est,
923 3450 1018 3521 ut,
1066 3440 1188 3506 hoc
1239 3451 1427 3527 pacto
1477 3443 1752 3507 iuvene¹¹
1811 3443 2094 3525 dimisso,
2139 3445 2266 3529 ipsi
2325 3445 2393 3507 in
2437 3444 2794 3530 Hispanias

554 3523 677 3586 iter
715 3533 1171 3610 retorquerent.
1268 3527 1529 3591 Iuvenis
1587 3528 1784 3612 igitur
1835 3527 2010 3614 apud
2064 3549 2304 3613 papam
2357 3527 2642 3609 relictuS,
2708 3529 2792 3594 ab

556 3627 633 3670 eo
690 3608 830 3690 regi
896 3607 1143 3672 oblatus
1208 3619 1321 3673 est.
1440 3609 1571 3690 Qui
1635 3611 1715 3674 de
1779 3623 1914 3677 arte
1979 3613 2124 3675 sual
2188 3613 2618 3698 interrogatus
2635 3661 2652 3695 ,
2723 3613 2796 3674 in

674 3765 719 3819 a)
748 3779 803 3808 ac
834 3772 876 3811 1.
996 3768 1044 3819 b)
1078 3771 1317 3812 Bon-ellus
1354 3795 1398 3803 —
1437 3773 1532 3813 dux
1567 3796 1618 3804 —
1651 3785 1690 3816 c.
1725 3776 1912 3816 devenit
1945 3778 1984 3818 1.
2117 3774 2160 3827 c)
2195 3776 2286 3824 Qui
2317 3787 2420 3817 cum
2454 3779 2495 3816 1.
2619 3773 2667 3827 d)
2700 3787 2797 3815 mu·

554 3831 658 3868 tuos
692 3830 734 3869 1.
854 3825 899 3879 ο)
926 3834 1027 3878 poet
1058 3830 1159 3872 add.
1280 3829 1317 3882 f)
1350 3831 1469 3870 locus
1497 3844 1662 3872 vacuus
1691 3835 1876 3874 relictus.
1998 3832 2044 3885 g)
2080 3835 2203 3875 fusas
2234 3839 2274 3877 1.
2395 3833 2445 3887 h)
2479 3835 2600 3876 locus
2615 3845 2796 3879 vacum.

552 3884 589 3936 i)
623 3891 703 3938 tto,
737 3897 881 3938 mora,
913 3897 933 3926 s
964 3889 1077 3928 abac.
1192 3887 1241 3940 k)
1271 3891 1485 3930 iuvenem
1518 3892 1750 3932 dimittant
1779 3895 1960 3944 ipsique
1993 3921 2004 3932 .
2038 3924 2049 3936 .
2086 3925 2097 3936 .
2131 3897 2432 3945 retorqueant
2466 3897 2508 3937 1.
2627 3893 2663 3945 1)
2695 3897 2796 3934 arto

556 3945 661 3997 (sua
690 3945 826 3998 ahoe.)
854 3947 907 3986 in
937 3958 1079 3996 mar-9.

706 4050 762 4117 1)
804 4051 886 4102 cf.
922 4053 1236 4118 praesertim
1257 4053 1552 4120 Biidinger,
1594 4055 1790 4106 ‘Ueber
1833 4056 2088 4108 Gerberts
2127 4056 2642 4116 wissenschaftliche
2682 4060 2797 4110 und

538 4122 841 4188 -politische
878 4124 1159 4192 Stellung’.
1210 4125 1368 4176 Kass.
1412 4126 1570 4178 1851.
1721 4129 1779 4193 2)
1817 4129 2073 4192 Aurillac,
2112 4131 2168 4181 in
2205 4132 2543 4197 praefectura
2582 4131 2795 4185 Cantal.

554 4193 615 4320 δὲ)
666 4197 983 4322 ffugonmtlsii
1168 4198 1227 4265 4)
1284 4199 1581 4252 Iohannem
1637 4201 1796 4264 XIII,
1857 4205 1949 4268 qui
2005 4204 2158 4256 annis
2213 4203 2339 4273 965,
2393 4207 2516 4258 Oct.
2557 4233 2628 4244 --
2669 4206 2797 4270 972,

602 4285 666 4335 ep
694 4306 708 4321 .
784 4305 799 4322 .
839 4286 897 4320 se
940 4289 955 4320 ι
985 4306 1000 4323 .
