3059 4834
677 285 982 338 RICHERI
1018 286 1526 340 HISTORIARUM
1563 289 1785 341 LIBER
1821 290 1960 342 1111.
2366 294 2469 344 161

242 546 586 624 postquam
629 537 711 602 ab
757 538 1074 623 episcopis
1117 538 1318 603 multa
1365 538 1539 603 illata
1589 540 1782 623 fuere,
1844 539 2077 626 quibus
2130 541 2466 609 conclusus
2482 538 2585 579 ¹⁰¹¹·
2618 537 2691 578 ¹⁷·

240 622 532 702 cessavit,
577 630 640 685 et
680 620 784 684 ille
828 632 899 687 ut
938 623 1144 708 potuit
1187 621 1350 687 alian
1391 623 1678 703 intendit,
1736 623 1861 688 alia
1901 625 2201 712 reppulit,
2257 628 2465 693 victus

240 715 458 771 tamen
499 713 1015 791 argumentorum
1066 707 1416 771 rationibus
1469 706 1804 773 succubuit
1860 718 1922 773 et
1965 732 2101 774 sese
2158 732 2338 775 reum
2388 732 2467 777 ac

37 416 63 703 f.
237 452 440 520 deret.
526 454 806 517 Vocatus
848 455 1061 551 itaque
1104 454 1173 517 in
1215 454 1436 519 ordine
1479 456 1929 542 episcoporum
1971 458 2273 523 consedit.
2342 458 2467 524 Oui
2485 477 2586 519 991.

38 746 48 935 'l
239 788 598 854 sacerdotio
640 789 974 873 indignum
1021 810 1234 853 coram
1279 790 1605 855 confessus
1647 800 1759 856 est.

689 946 788 1009 70.
873 946 1246 1030 Ingressqu
1287 948 1557 1031 regumb
1600 948 1667 1010 in
1710 947 2021 1012 sinodum.

38 1070 41 1113 ι
411 1045 601 1127 Quod
645 1068 789 1109 cum
833 1047 1091 1132 regibus
1135 1048 1504 1147 sttggestum
1550 1058 1662 1131 est,
1721 1050 1847 1135 ipsi
1892 1072 2039 1114 cum
2088 1051 2466 1137 primatibus
2486 1068 2629 1113 Geth.
2652 1081 2690 1113 ο.
2712 1069 2788 1113 ω.

38 1120 46 1175 l
237 1153 425 1196 sacro
467 1132 911 1217 episcoporum
959 1141 1296 1203 conventui
1337 1155 1474 1197 sese
1516 1132 1827 1216 inferunt3
1868 1134 2104 1220 gratias
2148 1137 2362 1220 episco
2412 1137 2467 1200 is

238 1215 596 1297 reddenteS,
640 1237 714 1279 eo
760 1216 927 1301 quod
982 1238 1099 1301 pro
1146 1239 1212 1279 se
1271 1225 1332 1280 et
1385 1215 1587 1281 salute
1646 1218 2008 1304 principum
2064 1218 2175 1282 diu
2234 1158 2467 1285 delige-

237 1307 505 1363 rassent.
589 1300 821 1363 Petunt
863 1311 1156 1385 quoque⁰
1197 1310 1522 1385 gestorum
1577 1302 1802 1365 seriem
1846 1302 1969 1366 sibi
2010 1301 2235 1385 evolvi,
2294 1313 2357 1368 et
2398 1304 2465 1366 in

237 1405 368 1469 quo
415 1384 808 1447 constiterint
847 1383 1168 1447 rationum
1211 1384 1354 1448 fine.
1443 1383 1628 1448 Tunc
1687 1386 1876 1449 etiam
1936 1387 2219 1450 omnium
2258 1395 2465 1472 gesto-

38 1478 41 1527 !
238 1490 382 1532 rum
426 1468 618 1531 series
669 1464 927 1551 regibus
985 1469 1276 1552 exposita
1331 1478 1442 1533 est.
1538 1468 1693 1533 Post
1744 1469 2031 1533 auditum
2089 1471 2466 1535 narrationis

236 1551 568 1633 ordinem,
631 1552 760 1615 iam
823 1560 947 1615 tem
999 1574 1073 1615 us
1137 1551 1360 1616 adesse
1424 1551 1634 1616 iuditii
1677 1552 1953 1618 habendi
1972 1554 2021 1635 ἃ,
2078 1563 2465 1619 asseverant.

38 1678 41 1699 ᾗ
236 1634 423 1699 Tunc
453 1636 739 1720 episcopi
770 1573 1123 1717 Amulium,
1168 1644 1240 1699 ut
1266 1658 1491 1721 regum
1519 1634 1789 1720 genibus
1819 1636 2248 1722 provolvatur,
2294 1660 2466 1703 com·
2484 1678 2523 1709 ο.
2556 1668 2631 1712 53.

38 1700 41 1823 J
237 1728 512 1802 monent,
562 1728 808 1783 reatum
853 1740 1104 1805 quoque
1148 1741 1333 1783 suum
1377 1719 1751 1784 confiteatur
1791 1728 1983 1807 atque
2026 1743 2144 1806 pro
2189 1722 2288 1785 sui
2330 1723 2465 1787 vita

38 1828 43 1941 '
237 1812 308 1867 et
360 1802 785 1868 membrorum
836 1804 1195 1888 integritate
1254 1802 1587 1889 supplicet.
1680 1802 1795 1867 Ille
1852 1827 2007 1868 mox
2063 1805 2463 1869 dominorum

38 1952 40 1957 ,
243 1884 516 1983 pedibus
567 1895 947 1972 prostratus,
1006 1888 1247 1951 crimen
1299 1885 1623 1969 confessus
1682 1895 1808 1965 est3
1864 1897 1927 1951 et
1982 1888 2335 1952 sacerdotio
2394 1911 2462 1953 se

243 1967 574 2055 indignum
624 1992 910 2035 asserens
926 2018 941 2052 ,
1001 1993 1117 2055 pro
1173 1970 1306 2034 vita
1364 1980 1428 2035 et
1483 1969 1786 2035 membris
1844 1970 2117 2034 suffusus
2181 1970 2461 2036 lacrimis

291 2052 622 2119 ostulabat.
707 2053 896 2118 Unde
941 2063 1006 2118 et
1043 2054 1406 2118 universam
1449 2052 1741 2118 sinodum
1764 2054 1853 2143 *in
1894 2052 2187 2119 lacrimas
2232 2056 2457 2140 coegit.

237 2074 448 2221 Reges
491 2136 688 2201 multa
777 2138 964 2202 ietate
1007 2137 1178 2221 flexi,
1224 2138 1424 2201 vitam
1470 2147 1533 2202 et
1574 2137 2000 2203 membrorum
2030 2138 2458 2224 integritatem

38 2284 43 2357 f
235 2219 785 2371 ἒῗὲἓιὲἕέἰῖὲωῖἶι
835 2222 1263 2371 Οὲῗῒέᾶῖἶέἓί
1283 2222 1555 2369 θῗὲἔὲὲΐ
1594 2220 2183 2370 ἷὲἴὲἓΐέζῖἇῖοᾞῗ
2205 2220 2462 2371 αἶῖῧὲῒ

38 2366 41 2375 ¹
79 2366 92 2375 ’
230 2390 475 2454 tionem
533 2390 633 2453 sui
691 2354 1002 2454 canonum
1047 2390 1422 2454 auctoritate
1465 2328 1897 2475 sollempnitgr
1935 2354 2088 2455 velit
2132 2389 2457 2455 celebrari.
2568 2468 2573 2476 .

1055 2546 1152 2611 71.
1237 2545 1574 2610 Decretale
1590 2558 1637 2607 θ.

38 2662 42 2725 1
407 2646 595 2727 Quod
639 2668 785 2711 cum
827 2649 1270 2734 episcoporum
1321 2647 1704 2711 ordinationi
1759 2656 1965 2712 totum
2021 2648 2462 2731 committeret,

38 2728 41 2815 ἰ
232 2752 389 2795 mox
433 2730 757 2797 decretum
800 2742 911 2815 est,
971 2742 1058 2815 ut,
1103 2734 1252 2818 quia
1293 2755 1360 2796 se
1403 2732 1737 2817 indignum
1788 2732 2142 2796 sacerdotio
2202 2731 2461 2797 confite·

38 2826 41 2831 '
236 2814 425 2881 batur
469 2815 800 2902 scelusque
854 2838 982 2879 non
1034 2817 1309 2901 tegebat,
1369 2817 1533 2881 sicut
1578 2814 1890 2901 gradibus
1944 2815 2263 2900 profectus
2319 2816 2458 2898 fuit,

236 2899 328 2963 ita
367 2899 672 2983 gradibus
717 2899 796 2981 de
847 2910 1155 2966 oneretur.
1229 2899 1468 2965 Suasus
1512 2921 1683 2984 ergo,
1729 2899 1987 2984 regibus
2033 2920 2193 2985 quae
2238 2898 2319 2964 ab
2368 2900 2458 2964 eis

232 2991 574 3068 acceperat
613 2984 792 3048 reddi
842 2986 909 3067 it,
953 2983 1405 3049 sacerdotalesf
1441 3005 1593 3048 vero
1638 2982 1916 3048 infulas&
1958 2984 2278 3083 episcopis
2324 2984 2458 3047 sine

238 3088 418 3131 mora
453 3066 716 3132 laxavit.
781 3070 1214 3153 Interrogatus
1259 3070 1470 3149 etiam,
1514 3090 1599 3132 an
1642 3066 2059 3133 abdicatioms
2106 3078 2167 3133 et
2208 3066 2461 3153 repudii

233 3149 520 3215 libellum
539 3151 800 3235 faceret,
837 3150 920 3215 ad
950 3153 1214 3216 votumffi
1244 3154 1688 3238 episcoporum
1720 3152 1933 3215 omnia
1958 3174 2095 3216 sese
2123 3151 2458 3233 saevarum,

235 3234 584 3333 respondit.
691 3236 777 3299 Et
836 3233 1119 3299 libellum
1183 3257 1336 3299 mox
1397 3236 1706 3319 scriptum
1770 3245 1833 3299 et
1896 3232 2179 3298 oblatum
2244 3256 2463 3300 coram

125 3356 130 3361 ⁴
237 3318 498 3404 r'eg1bus
539 3319 607 3382 in
652 3318 917 3383 concilio
961 3318 1115 3404 legit
1157 3329 1346 3404 atque
1395 3317 1791 3403 subscripsit.

697 3465 796 3528 72.
881 3464 1125 3529 Textus
1163 3461 1362 3531 libell-‘i
1401 3461 1684 3548 repudiii
1728 3460 1999 3527 Arnulfi.
2042 3524 2045 3529 .

38 3586 45 3677 j
271 3572 282 3647 j
357 3584 362 3587 ·
409 3566 652 3631 Textus
709 3576 921 3631 autem
973 3565 1166 3632 libelli
1229 3563 1593 3629 huiusmodi
1656 3573 1860 3629 erat1:
1935 3564 2095 3649 ‘Ego
2153 3560 2459 3627 Arnulfus
2478 3600 2519 3629 ο.
2549 3587 2626 3632 54.

241 3652 447 3733 gratia
486 3651 615 3715 'Dei
657 3651 1000 3715 Remorum
1045 3650 1365 3736 quondam
1417 3649 1777 3735 episcopus,
1830 3668 2290 3733 recognoscens
2342 3648 2462 3711 fra-

243 3730 550 3880 gilitatem
593 3757 800 3798 meam
845 3744 908 3799 et
949 3735 1234 3833 pondera
1269 3742 1677 3820 peccatorum
1720 3754 2024 3813 meorum,
2081 3740 2273 3797 testes
2320 3752 2465 3794 con-

230 3838 512 3904 ·essores
571 3841 746 3883 meos
802 3818 1139 3904 Siguinum
1197 3818 1764 3903 archiepiscopum,
1829 3816 2206 3881 Daibertum
2264 3814 2463 3878 archi·

361 4006 408 4060 a)
440 4009 642 4059 plurima
670 4010 929 4051 intenderet
960 4010 1000 4050 1.
1129 4008 1177 4061 b)
1210 4009 1312 4061 Ing,
1343 4019 1502 4057 regum
1534 4008 1645 4047 absc.
1780 4006 1821 4057 e)
1857 4017 1966 4055 erg-o
2000 4009 2041 4046 1.
2174 4003 2221 4057 d)
2254 4004 2465 4045 habenda

229 4077 359 4107 acorr.
391 4068 606 4110 habendi.
740 4067 783 4120 e)
815 4070 984 4110 Decret
1014 4067 1126 4112 abac.
1261 4066 1296 4119 f)
1330 4068 1537 4118 episcopi
1570 4069 1611 4108 1.
1750 4064 1796 4117 g)
1831 4068 1863 4107 i.
1896 4068 2003 4109 ante
2038 4066 2078 4105 1.
2197 4061 2245 4115 h)
2278 4067 2387 4105 vota
2419 4065 2462 4104 1.

231 4125 274 4179 ι’)
309 4127 427 4179 mex,
457 4138 572 4178 repu
603 4128 716 4169 absc.
2334 4126 2338 4131 ’

389 4259 451 4327 tl)
488 4261 596 4311 Hic
633 4260 704 4311 ad
740 4262 958 4313 verbum
998 4266 1078 4314 est
1103 4260 1424 4327 exscriptus.

38 4320 42 4389 ξ
1930 4342 2002 4404 11
