3059 4834
387 445 491 489 955.

284 1571 305 1592 ‘
318 1575 398 1617 fol.
421 1577 492 1619 82.

290 2763 365 2819 ⁸1».
389 2769 493 2814 611.

387 3366 488 3411 956.

502 260 575 310 88
1015 257 1321 308 RICHERI
1359 255 1864 308 HISTORIARUM
1899 256 2124 308 LIBER
2158 256 2264 307 111.

514 425 810 507 Carnoti,
867 424 1170 506 Turonis,
1228 421 1417 489 Bleso
1475 421 1743 510 aliisque
1801 443 1994 509 quam
2050 421 2344 509 plurimis
2401 421 2757 487 Neustriae

513 506 787 574 urbibus
849 508 1231 594 oppidisque
1252 520 1294 571 ¹.
1392 506 1554 572 Inde
1613 528 1869 593 quoque
1912 528 2060 571 cum
2101 509 2388 571 exercitu
2429 507 2500 569 in
2541 507 2752 592 Aqui-

512 593 753 659 taniam
794 590 1103 657 feruntur.
1187 591 1276 655 Et
1320 591 1650 675 premissis
1690 587 1938 675 legatis,
1996 611 2143 654 cum
2188 587 2528 656 Wilelmus
2571 590 2758 675 prin·

511 698 667 762 ceps
723 696 1054 741 occurrere
1070 685 1097 717 ⁸
1149 672 1363 757 nollet,
1416 673 1736 738 Pictavim
1788 673 2180 754 adoriuntur,
2235 674 2595 758 principem
2652 671 2755 736 ibi

512 782 652 825 esse
695 760 837 824 rati.
922 757 1091 824 Cum
1134 780 1289 844 ergo
1345 759 1664 823 exercitus
1714 757 2266 822 vehementissime
2315 756 2542 822 urbem
2587 767 2754 821 atte-

510 853 680 908 reret
738 855 802 909 et
857 841 1209 907 diutissime
1264 862 1551 926 pugnam
1609 840 1870 906 urbanis
1924 841 2201 922 inferret,
2259 862 2300 903 a
2398 840 2754 906 uibusdam

509 927 705 1012 regiis
734 937 1013 992 castrum
1041 934 1297 990 sanctae
1325 923 1740 1010 Radegundis
1773 924 1920 989 urbi
1949 926 2318 1009 contiguum
2348 945 2384 988 c
2408 925 2758 989 andestina

512 1012 859 1096 irreptione
931 1019 1189 1094 captum
1258 1019 1451 1095 atque
1522 1029 1898 1073 succensum
1963 1017 2076 1074 est.
2177 1007 2523 1094 Comperto
2589 1029 2756 1072 vero

515 1095 871 1180 principem
916 1115 1045 1157 non
1102 1092 1344 1174 adesse,
1396 1092 1654 1157 tandem
1710 1100 1856 1178 post
1911 1091 2181 1156 duorum
2224 1093 2543 1156 mensium
2587 1090 2760 1173 dies,

514 1177 727 1243 victus
768 1176 1123 1263 indigentia
1179 1177 1468 1241 exercitu
1523 1176 1810 1261 fatigatO,
1869 1176 1951 1241 ab
1997 1174 2329 1242 obsidione
2373 1174 2760 1240 disceditur.

682 1299 744 1362 4.
810 1295 1149 1362 Wilelmus
1194 1318 1347 1362 vero
1390 1294 1745 1360 Arverniae
1785 1295 1942 1360 fines
2032 1293 2401 1380 erlustranS,
2441 1317 2607 1380 quae
2653 1305 2762 1360 est

513 1379 901 1466 Aquitaniae
958 1403 1127 1466 pars,
1188 1379 1271 1444 ab
1332 1402 1414 1466 op
1463 1378 1588 1444 idis
1643 1378 1876 1444 milites
1929 1403 1964 1445 e
2011 1379 2258 1461 ucebat,
2317 1379 2400 1444 ad
2457 1400 2758 1465 pugnam

515 1465 867 1529 exercitum
912 1462 1239 1549 colligens.
1307 1463 1402 1528 Co
1451 1473 1740 1561 ectoque,
1770 1464 1839 1527 in
1867 1485 2086 1549 regem
2126 1462 2343 1528 fertur.
2410 1462 2557 1543 Quo
2585 1463 2762 1526 rexb

516 1558 865 1646 comperto,
898 1547 1102 1611 *duce
1132 1547 1381 1612 favente
1410 1556 1763 1614 exercitum
1791 1548 1860 1610 in
1889 1546 2138 1612 hostem
2165 1546 2436 1612 reducit.
2501 1546 2758 1632 Signis-

513 1653 639 1716 que
680 1630 925 1695 infestis
970 1628 1399 1714 congreditur.
1482 1630 1812 1694 Acerrime
1856 1629 2228 1694 dimicatum
2269 1638 2383 1713 est,
2426 1628 2765 1694 nonnullis

512 1714 833 1798 utrimque
876 1713 1055 1777 fusis.
1165 1712 1295 1777 Sed
1338 1714 1515 1799 regio
1562 1714 1887 1800 equitatu⁶
1928 1713 2318 1800 prevalente,
2382 1713 2762 1800 Aquitanos

512 1797 669 1883 fuga
712 1798 1019 1882 exagitat.
1112 1796 1209 1861 Re
1260 1796 1355 1862 ’ae
1418 1819 1575 1862 vero
1639 1798 1809 1861 acies
1869 1799 2299 1884 promtissime
2352 1798 2764 1862 insecuntur.

512 1882 592 1945 In
638 1902 767 1979 qua
807 1880 960 1967 fuga
1000 1903 1176 1945 nonn
1266 1882 1291 1944 i
1332 1879 1804 1968 Aquitanorum
1845 1881 2182 1963 interfecti,
2226 1879 2484 1967 plurimi
2529 1890 2758 1945 autem

512 1975 688 2050 capti
730 1964 1004 2030 fuerunt.
1089 1964 1426 2031 Wilelmus
1468 1987 1623 2031 vero
1682 1963 1873 2029 devia
1929 1975 2203 2048 secutus,
2262 1987 2410 2029 cum
2454 1963 2712 2030 duobus
2727 1975 2764 2008 ²

508 2049 623 2112 vix
666 2070 783 2135 per
823 2050 1098 2134 abrupta
1137 2049 1440 2136 profugit.

682 2169 742 2233 5.
805 2169 993 2234 Rex-³
1038 2169 1238 2268 ergo(¹
1280 2191 1433 2254 pros
1483 2191 1592 2234 ero
1634 2167 1785 2234 belli
1829 2190 2128 2233 successu
2182 2169 2472 2254 insignis,
2527 2168 2764 2232 acies&

510 2255 745 2318 iterum
787 2252 1072 2317 Pictavis
1114 2252 1334 2318 inferri
1375 2253 1442 2316 iu
1490 2263 1555 2318 et
1571 2253 1606 2316 f.
1703 2249 2154 2317 Arbitrabatur
2197 2253 2452 2332 etenim,
2517 2251 2760 2316 urbem

512 2346 667 2400 tunc
707 2334 1008 2401 facillime
1054 2339 1200 2422 capi
1242 2358 1450 2423 posse,
1494 2360 1642 2401 cum
1672 2337 1991 2402 exercitus
2017 2337 2292 2400 recentis
2322 2333 2474 2401 belli
2503 2335 2762 2400 animo-

512 2421 699 2485 sitate
743 2419 953 2485 adhuc
970 2432 999 2475 8
1039 2419 1284 2486 ferveat
1326 2431 1389 2485 et
1426 2421 1658 2486 urbani
1713 2418 1910 2484 multo
1962 2418 2366 2484 detineantur
2421 2428 2595 2484 metu
2660 2421 2764 2483 ob

512 2505 825 2590 principis
856 2506 956 2568 sui
982 2504 1206 2590 fugam
1237 2505 1499 2602 eiusque
1525 2504 1802 2569 militum
1831 2501 2150 2567 infelicem
2190 2513 2511 2570 eventum.
2581 2502 2764 2567 Dux

511 2589 729 2673 itaque
786 2589 955 2672 regis
1012 2588 1601 2673 magnanimitatem
1657 2585 1858 2651 multo
1900 2587 2118 2652 favore
2161 2587 2511 2672 excipienS,
2562 2608 2755 2651 exer-

515 2670 731 2753 citum,
785 2669 936 2736 licet
985 2671 1097 2736 fati
1148 2679 1344 2753 atum,
1404 2681 1467 2734 et
1484 2682 1513 2725 8
1568 2682 1783 2735 tamen
1836 2692 1951 2734 sua
2005 2669 2400 2756 benignitate
2458 2680 2762 2755 captum,

512 2752 660 2817 urbi
703 2753 971 2820 reducit.
1031 2693 1304 2820 *Ugrbani
1346 2775 1497 2818 vero
1540 2752 1690 2820 belli
1734 2775 1885 2818 casu
1927 2755 2255 2818 exanimes
2302 2755 2502 2819 vitam
2546 2753 2758 2838 depo-

512 2845 699 2902 scunt
742 2846 805 2902 et
845 2858 965 2922 pro
1006 2837 1184 2902 urbis
1226 2835 1555 2902 illesione¹¹
1598 2836 1982 2924 supplicant.
2092 2837 2259 2902 Cum
2303 2848 2518 2902 autem
2561 2859 2758 2902 exer-

513 2922 676 2985 citus
726 2919 952 2985 urbem
1006 2921 1073 2985 vi
1130 2918 1322 2985 vellet
1373 2921 1725 3006 irrumpere
1783 2931 1848 2986 et
1911 2919 2116 3007 spolia
2172 2931 2520 3006 asportare,
2585 2921 2760 3005 dux,

509 3003 728 3070 habita
769 3003 947 3088 apud
989 3025 1098 3068 eos
1142 3002 1557 3085 dissuasione,
1610 3006 1914 3069 intactam
1969 3025 2120 3088 rege
2163 3005 2442 3070 iubente.
2463 3004 2580 3069 reli
2627 3006 2760 3069 uit.

508 3087 654 3152 Rex
696 3097 912 3152 autem
955 3086 1038 3151 ab
1081 3085 1343 3150 urbanis
1388 3086 1643 3152 obsides
1687 3098 1843 3182 quot
1869 3085 2006 3152 vult
2035 3089 2227 3172 capit.
2301 3088 2538 3174 Sicquc
2618 3110 2760 3153 uce

509 3171 997 3253 interveniente,
1056 3169 1211 3235 urbs
1265 3170 1349 3236 ab
1408 3172 1722 3236 exercitu¹
1779 3169 2043 3236 liberata
2087 3180 2199 3235 est.
2284 3171 2373 3235 Et
2414 3171 2534 3237 sub
2577 3192 2758 3258 pace

510 3264 841 3342 sequestra
882 3254 1128 3321 obsidio
1183 3252 1463 3319 solvitur.
1551 3256 1992 3341 Prosperaque
2043 3277 2256 3320 rerum
2308 3256 2568 3320 fortuna
2621 3278 2749 3320 rex

509 3360 656 3403 cum
698 3338 861 3404 duce
906 3348 971 3404 et
1012 3339 1296 3405 exercitu
1338 3337 1724 3404 Laudunum
1767 3339 2015 3422 repetit.
2101 3339 2260 3402 Dux
2309 3360 2462 3404 vero
2505 3340 2752 3404 Parisii

507 3433 823 3508 receptus,
865 3425 933 3487 in
976 3421 1399 3509 egritudinem
1443 3421 1702 3503 decidit,
1749 3443 1876 3520 qua
1926 3422 2196 3486 nimium
2239 3421 2529 3504 affectus,
2567 3423 2752 3488 vitae

506 3505 701 3571 finem
744 3507 1050 3593 accepit⁴.
1140 3505 1568 3593 Sepultusquc
1613 3517 1708 3572 est
1757 3528 1826 3569 m
1879 3503 2148 3570 basilica
2203 3507 2412 3571 sancti
2454 3506 2754 3571 Dionisii

507 3590 803 3653 martiris.

624 3785 671 3838 a)
714 3797 903 3828 occurre
933 3798 969 3829 ο.
1118 3786 1166 3839 b)
1207 3798 1311 3828 cum
1342 3789 1457 3829 duee
1488 3789 1590 3828 add.
1626 3789 1666 3828 1.
1818 3785 1861 3839 c)
1907 3787 2114 3828 exercitu
2146 3788 2189 3827 1.
2341 3785 2388 3838 d)
2436 3791 2531 3828 tam
2562 3789 2666 3829 add.
2702 3792 2744 3833 1.

504 3844 841 3955 ἕζεὲξίιὲζίζιιιιιῖ
873 3847 913 3886 1.
1049 3843 1087 3898 f)
1118 3846 1262 3888 infert
1293 3849 1336 3887 1.
1470 3845 1517 3899 g)
1543 3852 1645 3896 post
1675 3847 1774 3889 add.
1907 3844 1955 3897 h)
1989 3846 2138 3886 salute
2171 3848 2210 3886 1.
2342 3845 2377 3899 i)
2411 3857 2440 3886 a
2467 3847 2586 3901 (poet
2617 3849 2758 3901 aad.)

654 4071 712 4139 1)
748 4074 904 4124 Haec
940 4073 1202 4126 Richerus
1241 4073 1468 4125 addidit.
1617 4070 1674 4139 2)
1713 4089 1828 4122 cum
1862 4070 2054 4138 paucis
2097 4072 2256 4124 Flod.
2406 4071 2465 4138 3)
2504 4075 2629 4126 Hac
2671 4076 2754 4128 de-

501 4159 560 4196 re
598 4145 731 4197 nihil
768 4146 927 4199 Flod.
1074 4149 1130 4212 4)
1162 4147 1391 4199 Mortem
1430 4146 1677 4213 Bugonis
1716 4146 1950 4198 breviter
1988 4151 2243 4197 memorat
2279 4145 2438 4198 Flod.
2551 4196 2557 4200 .
