3059 4834
736 266 1044 319 RICHERI
1080 266 1589 320 HISTORIARUM
1625 269 1847 322 LIBER
1883 271 1958 323 11.
2409 275 2474 325 ‘11

243 437 553 500 interesse
584 434 899 521 exigebat,
945 434 1306 519 diriguntur
1334 434 1528 520 legati
1553 449 1594 517 ¹,
1640 458 1757 522 per
1786 459 1946 524 quos
1983 438 2042 503 ei
2059 449 2086 481 ¹¹
2128 441 2474 506 necessitas
2494 455 2597 498 ⁹4¹1·

244 519 719 584 demonstratur
778 538 857 580 ac
923 516 1311 604 colloquium
1376 529 1648 584 exeunte
1714 543 1930 586 mense
1986 522 2286 609 Augusto
2353 522 2476 589 sibi

241 601 612 668 habendum
659 623 841 667 secus
884 601 1150 667 fluvium
1191 601 1435 666 Karam
1477 602 1902 673 denuntiatur.

417 687 545 752 *64.
614 685 779 752 Cum
808 686 965 750 haec
1010 687 1105 750 sic
1148 708 1285 750 sese
1328 684 1655 770 haberent,
1703 686 1839 752 dux
1879 699 2177 790 nepotem
2222 691 2304 757 ab
2379 709 2571 765 re-·p.
2603 713 2708 756 sos.

246 769 464 834 sulatu
502 767 757 855 pulsum
802 767 1074 834 dolebat.
1134 767 1462 835 Suadebat
1503 771 1738 858 itaque,
1786 782 1856 837 ut
1885 773 2096 838 officio
2125 775 2305 859 ponti
2354 774 2473 840 cali

241 852 523 940 amplius
565 854 908 936 insisteret3
952 862 1016 918 et
1055 875 1136 917 ne
1179 854 1464 938 privatus
1506 857 1762 941 penitus
1794 857 2102 940 dignitate
2130 858 2470 942 videretur,

240 937 497 1025 aliquas
552 937 635 1002 ad
686 937 925 1022 gradus
978 946 1384 1036 promoveret
1445 960 1773 1023 personas.
1881 939 2260 1005 Tetbaldum
2320 964 2474 1026 ergo

244 1022 673 1087 Suessonicae
736 1019 1078 1086 aeccleslae
1142 1019 1486 1085 diaconum
1550 1025 1820 1088 accersit
1833 1026 1862 1067 ¹³
1924 1023 2475 1124 presbiterumque

244 1104 501 1170 ordinat
541 1127 618 1169 ac
670 1115 819 1190 post
869 1104 1033 1169 duce
1087 1115 1315 1190 agente
1368 1103 1716 1173 aecclesiae
1756 1107 2290 1174 Amblanensium
2343 1110 2473 1194 epi-

240 1211 512 1275 scopum
572 1198 801 1253 sacrat.
900 1189 979 1252 In
1032 1209 1159 1274 qua
1210 1211 1279 1252 re
1334 1186 1548 1252 favere
1600 1192 1776 1256 visus
1833 1201 1929 1255 est
1971 1192 2168 1257 Wido
2227 1200 2475 1257 tantum

244 1273 632 1338 Suessorum
678 1272 894 1357 episco
947 1294 1040 1336 us.
1128 1271 1379 1352 *Quem
1468 1273 1577 1338 uia
1624 1284 1770 1358 post
1812 1277 2100 1360 penituit,
2145 1277 2614 1361 sequentia·ro1.
2643 1288 2740 1332 π’.

239 1356 792 1422 demonstrabunt.
908 1355 991 1420 ed
1031 1365 1283 1440 tempus
1329 1352 1431 1420 col
1455 1357 1734 1442 oquendi
1776 1357 2035 1443 regibus
2081 1360 2358 1441 advenit,
2397 1381 2473 1424 ac

242 1461 431 1506 secus
473 1439 738 1505 fluvium
780 1438 1026 1504 Karam
1086 1439 1207 1505 sibi
1263 1449 1623 1504 occurrunt.
1719 1441 1855 1506 Nec
1907 1441 2110 1507 defuit
2153 1443 2308 1525 dux,
2366 1445 2477 1530 qui

243 1525 476 1611 etipse
506 1525 679 1610 apud
709 1523 1191 1589 Duodeciacum
1212 1534 1234 1568 ²
1278 1524 1492 1588 vicum
1539 1535 1747 1590 castra
1790 1525 1951 1610 fixit,
1996 1537 2066 1591 ut
2093 1549 2210 1612 pro
2239 1535 2476 1612 nepote

240 1629 507 1673 causam
548 1607 720 1694 apud
763 1609 1102 1694 episcopos
1144 1617 1381 1694 ageret.

365 1730 466 1794 65.
531 1729 729 1792 Dux⁰
773 1728 1051 1811 enititur,
1095 1737 1208 1791 ut0
1253 1739 1482 1792 causa‘⁵
1524 1749 1642 1813 pro
1687 1751 1802 1793 suo
1846 1739 2116 1816 nepotec
2160 1731 2336 1816 apud

1002 1812 1381 1897 episcopos⁰
1430 1813 1720 1895 agaturd.

414 1904 701 1990 Regibus
757 1904 975 1990 itaque
1032 1925 1247 1968 rerum
1303 1906 1562 1988 negotia
1620 1904 1974 1988 agentibuS,
2037 1902 2171 1967 dux
2214 1925 2480 1969 causam

244 2011 330 2053 ne
379 1990 498 2054 otis
556 1989 877 2086 episcopis
938 1986 1319 2073 disponebat
1331 1996 1376 2067 ³,
1433 2008 1631 2071 penes
1727 2007 1845 2051 uos
1902 1987 2094 2050 etiam
2137 1985 2482 2071 plurimam

245 2010 562 2139 habebate
606 2071 1131 2155 mdignationem,
1188 2070 1422 2133 iniuste
1465 2080 1529 2134 et
1580 2008 1770 2133 nullqjs
1829 2067 2231 2135 evidentibus
2275 2067 2481 2154 culpis

244 2155 585 2242 nepotemf
646 2154 1101 2239 precipitatum
1172 2173 1554 2216 memorans.
1664 2153 1855 2233 Quod
1920 2174 2066 2217 cum
2130 2151 2487 2216 indicatum

246 2240 513 2326 regibus
559 2246 744 2318 esset,
790 2236 1027 2302 Ottone
1069 2245 1298 2321 agente
1343 2235 1666 2301 decretum
1709 2246 1822 2319 est,
1866 2246 1939 2302 ut
1979 2235 2073 2300 ibi
2115 2236 2196 2301 ab
2242 2236 2485 2321 episco-

249 2325 356 2409 pis
408 2342 603 2384 causa
642 2318 896 2384 Artoldi
951 2328 1139 2404 atque
1182 2317 1479 2416 Hugonis
1524 2319 1964 2402 discuteretur,
2024 2321 2115 2385 ita
2155 2329 2369 2384 tamen
2412 2329 2484 2385 ut

254 2415 322 2469 et
364 2404 500 2468 dux
535 2413 822 2488 tempore
867 2424 1148 2488 congruo
1191 2424 1332 2487 regl
1374 2403 1783 2469 satisfaceret.
1880 2404 2222 2489 Episcopis
2266 2405 2483 2489 itaque

251 2488 568 2552 rationem
610 2488 753 2551 exci
803 2485 1081 2551 ientibus
1096 2498 1142 2567 8,
1204 2507 1352 2549 cum
1394 2488 1561 2552 inter
1614 2486 1890 2571 plurima
1978 2510 2102 2551 uae
2144 2488 2235 2552 ibi
2278 2486 2479 2572 expli·

254 2581 401 2636 cata
443 2580 588 2636 sunt
628 2570 740 2634 illu
828 2569 1339 2634 constantissime
1383 2571 1749 2652 refutarent,
1811 2593 1936 2656 quo
2026 2571 2221 2657 Hugo
2277 2591 2483 2635 sacer-

252 2655 429 2720 dotio
461 2656 749 2740 privatus
789 2662 1008 2718 contra
1036 2653 1133 2718 fas
1154 2652 1686 2719 Ambianensium
1711 2655 2085 2742 episcopum
2109 2654 2484 2738 ordinasset,

248 2761 479 2824 regum
524 2740 835 2802 sententia
876 2739 945 2801 in
985 2736 1175 2800 aliam
1220 2738 1516 2803 sinodum
1553 2737 1919 2802 huiusmodi
1945 2740 2257 2804 rationem
2285 2750 2486 2805 trans-

248 2821 577 2888 ferendam
621 2822 964 2886 constituit.
1050 2821 1408 2887 Videbatur
1451 2825 1704 2905 etenim,
1800 2823 1929 2888 uod
1970 2845 2099 2888 non
2143 2823 2226 2888 ad
2269 2823 2486 2909 aequi·

250 2915 449 2972 tatem
522 2907 675 2970 satis
748 2905 1079 2970 commode
1150 2904 1309 2970 haec
1377 2905 1702 2971 altercatio
1807 2907 2170 2972 eterminari
2226 2905 2485 2987 valeret,

256 3012 403 3054 cum
457 3011 577 3054 nec
634 2989 893 3054 sinodus
945 2989 1026 3053 ad
1085 2988 1206 3054 hoc
1263 2999 1614 3055 convocata
1665 2989 1945 3055 fuisseth.
2054 2990 2142 3055 Et
2193 2989 2488 3053 decreto⁴

251 3096 321 3138 re
372 3075 431 3139 ‘o
483 3076 577 3139 15.
621 3072 769 3137 Kal.
813 3072 1124 3139 Decemb.
1168 3072 1461 3140 habenda
1513 3075 1940 3139 denuntiatur.
2023 3074 2289 3138 Interim
2330 3093 2486 3137 vero

254 3180 321 3222 se
370 3180 436 3223 es
480 3158 813 3222 Remensis
855 3154 1123 3221 Artoldo
1180 3157 1566 3240 conceditur,
1623 3158 1885 3243 Hugoni
1941 3180 2094 3223 vero
2151 3158 2221 3220 in
2275 3166 2485 3221 castro

253 3241 647 3307 Mosomensi
704 3242 1086 3306 commorari
1142 3243 1544 3326 permittitur.
1644 3242 1786 3306 Pax
1842 3261 2094 3386 quogue
2159 3247 2488 3325 sequestra

256 3324 539 3391 Ottonisi
582 3325 947 3389 interventu
985 3324 1124 3408 regi
1164 3346 1242 3388 ac
1288 3325 1434 3389 duci
1477 3322 1560 3388 ab
1604 3323 1902 3388 alterutro
1999 3332 2144 3386 atur
2186 3332 2251 3387 et
2284 3342 2488 3407 usque

252 3409 341 3474 ad
380 3419 635 3496 tempus
677 3406 1011 3474 habendae
1056 3408 1265 3472 sinodi
1307 3416 1706 3472 sacramento
1748 3407 2056 3470 firmatur.

803 3527 908 3592 66.
973 3525 1294 3591 Sinodusk
1338 3527 1660 3591 Virdunik
1701 3524 1943 3589 habita.

427 3615 711 3700 Tempus
762 3610 1039 3692 advenit,
1096 3609 1355 3676 sinodus
1401 3632 1483 3674 ue
1539 3610 1758 3695 episco
1808 3629 1992 3673 orum
2042 3606 2317 3673 Virduni
2361 3605 2486 3673 col·

253 3697 421 3763 lecta
486 3709 584 3764 est
645 3707 837 3784 atque
894 3693 1133 3776 habita,
1190 3695 1364 3781 presi
1410 3695 1581 3758 ente¹
1638 3694 1765 3758 Rot
1811 3701 1945 3758 erto
2000 3692 2487 3779 metropolitano

376 3823 423 3878 a)
456 3825 615 3867 Ottoni
649 3827 691 3868 1.
809 3820 857 3874 b)
890 3822 1165 3864 accersitum
1195 3821 1503 3871 presbiterum
1537 3832 1580 3861 ο.
1615 3823 1656 3861 1.
1763 3818 1805 3872 c)
1838 3821 1928 3873 Du,
1961 3823 2028 3873 ut,
2061 3832 2100 3872 c,
2135 3830 2240 3870 nep,
2273 3820 2490 3870 episcopo

253 3884 369 3924 abac.
522 3883 570 3936 d)
610 3883 678 3936 (in
707 3879 891 3933 s)inodo
921 3881 1021 3922 add.
1058 3882 1097 3922 1.
1248 3878 1292 3931 e)
1341 3879 1556 3920 movebat
1586 3880 1824 3929 querelam
1856 3880 1914 3920 ab
1948 3880 2057 3921 sede
2088 3878 2345 3929 pontificali
2376 3878 2410 3919 i.
2446 3880 2486 3920 1.

254 3942 293 3994 s)
324 3948 425 3993 pose
455 3944 555 3983 add.
694 3939 739 3994 g)
774 3940 1125 3981 discutientibus
1157 3940 1200 3980 1.
1334 3937 1382 3990 h)
1417 3949 1442 3979 e
1472 3949 1588 3980 corr.
1716 3938 1752 3990 i)
1801 3937 1970 3980 ottone
2001 3940 2339 3979 intercurrente
2370 3937 2494 3978 inter

256 4012 418 4051 regem
449 4012 504 4043 ac
534 4001 699 4043 ducem
729 4003 1015 4041 sacramento
1045 3998 1255 4040 firmatur
1286 3999 1327 4039 1.
1418 3996 1468 4049 k)
1502 3997 1611 4048 nod,
1642 3998 1694 4038 nl
1723 3998 1755 4038 h
1784 3997 1896 4038 abeo.
1953 3994 2155 4051 (Antei-a
2185 4001 2286 4036 ante
2306 3994 2494 4039 sindel-

256 4061 295 4114 1)
328 4063 518 4114 preside
550 4064 592 4102 1.

413 4156 469 4224 1)
508 4158 595 4210 Ita
630 4157 907 4209 Richerus.
1056 4155 1114 4221 2)
1153 4156 1361 4221 Douzy.
1482 4152 1544 4222 3)
1582 4155 1736 4206 Haec
1773 4153 2052 4216 Richerus,
2090 4153 2182 4220 qui
2221 4152 2499 4222 complura.

254 4231 479 4286 adiecit.
629 4228 690 4297 4)
726 4231 928 4284 decreto
964 4227 1105 4298 regio
1146 4229 1429 4283 Bicherus.
