3059 4834
482 432 580 474 9³6.

347 3283 365 3306 ¹*
381 3288 461 3334 fol,
499 3287 585 3329 15‘.

599 247 669 300 40
1109 245 1414 297 RICHERI
1448 243 1952 296 HISTORIARUM
1989 242 2211 294 LIBER
2248 242 2322 291 11.

649 416 833 497 ossit,
901 423 1298 499 contemptus
1361 410 1657 477 videlicet
1718 412 1888 496 regis
1954 431 2031 474 ac
2093 433 2210 496 per
2274 411 2393 474 hoc
2458 411 2859 497 principum

601 439 947 564 dissensus.
1031 498 1377 583 Repetatur
1419 519 1573 595 ergo
1617 498 1856 560 interru
1904 505 1971 560 ta
2009 493 2338 579 paululum
2379 495 2593 580 regiae
2635 517 2856 580 gene-

600 569 864 648 r'ationis
922 581 1107 663 linea,
1171 603 1247 644 ac
1299 580 1524 645 Karoh
1580 580 1781 644 filium
1894 579 2235 643 udovicum
2290 601 2329 642 a
2386 581 2857 644 transmarinis

647 666 891 732 artibus
947 673 1336 746 revocantes,
1395 687 1613 748 regem
1668 664 1852 729 vobis
1898 662 2195 728 decenter
2249 673 2475 728 create.
2586 662 2853 752 Sicque

649 761 711 817 et
724 763 768 835 ³,
812 763 882 818 ut
924 762 986 817 et
1027 751 1290 850 antiqua
1330 746 1631 813 nobilitas
1673 748 1888 833 regiae
1933 747 2145 832 stirpis
2189 757 2491 828 servetur,
2536 758 2599 812 et
2624 747 2853 813 fauto-

603 837 746 900 resb
775 856 816 898 a
847 835 1256 934 querimoniis
1288 833 1635 920 quieseant.
1708 832 1845 896 Iam
1878 830 2047 917 quod
2076 831 2289 916 potius
2333 842 2428 896 est
2470 843 2852 918 sequenteS,

602 943 642 986 a
683 921 1018 987 maritlmis
1061 918 1233 983 horis
1253 930 1278 959 0
1321 914 1785 981 adolescentem
1839 917 2247 979 revocemus'.
2336 915 2586 995 Quibus
2638 916 2851 981 dictis

606 1002 936 1069 Gallorum
978 1004 1300 1089 principes
1343 1002 1503 1064 mira
1559 998 1985 1065 benivolentia
2028 999 2261 1063 cedunt
2276 1003 2323 1062 *.
2408 1000 2571 1064 Dux
2613 1003 2851 1087 itaque

600 1087 846 1174 legatos
913 1097 1191 1152 oratores
1255 1095 1428 1149 trans
1497 1106 1673 1148 mare
1740 1084 1822 1148 ad
1887 1083 2366 1148 accersiendum
2429 1083 2847 1148 Ludovicum

602 1173 722 1237 diri
774 1173 837 1256 ·t‚
884 1171 994 1258 qui
1039 1172 1096 1236 ei
1153 1192 1193 1233 a
1235 1168 1396 1234 duce
1429 1167 1781 1234 Galliarum
1825 1166 1962 1230 aliis
2010 1189 2089 1231 ue
2122 1166 2521 1253 principibus
2550 1169 2847 1232 reditum

604 1278 718 1320 sua
765 1263 911 1321 eant
985 1277 1059 1319 ac
1122 1255 1200 1318 de
1263 1254 1504 1317 itineris
1570 1254 1907 1317 securitate
2016 1250 2162 1314 dem
2240 1253 2619 1316 sacramenti
2693 1253 2845 1318 iure

601 1342 856 1422 faciant,
899 1340 1261 1425 principum
1313 1336 1659 1402 adventum
1708 1359 1909 1422 usque
1960 1334 2042 1398 ad
2086 1335 2260 1421 ipsas
2308 1334 2565 1400 litoreas
2604 1357 2847 1402 arenas

602 1425 991 1490 denuntient.
1052 1423 1181 1503 Qui
1209 1443 1362 1486 mox
1395 1421 1667 1506 digressi
1696 1421 2014 1484 Morinum
2031 1421 2104 1460 **·
2124 1433 2139 1464 ¹
2174 1419 2582 1486 devenerunt.
2631 1419 2849 1485 Cuius

601 1511 668 1572 in
725 1518 916 1593 portu
970 1529 1163 1570 naves
1219 1507 1506 1586 ino-rossi,
1565 1503 1720 1569 velis
1778 1505 2165 1568 tumentibus
2225 1505 2547 1590 prosperis
2604 1507 2844 1587 ventiS,

602 1593 839 1676 raptim
883 1590 965 1654 ad
1009 1601 1241 1655 terram
1286 1557 1517 1653 devexi
1562 1599 1707 1652 sunt
1718 1589 1764 1651 d.
1866 1585 2249 1652 Adelstanus
2267 1601 2291 1630 θ
2333 1611 2451 1652 rex
2494 1592 2563 1653 in
2602 1587 2842 1655 urbem

605 1697 768 1761 quae
813 1674 1045 1738 dicitur
1084 1673 1406 1738 Eurvich²
1450 1694 1795 1757 regnorum
1836 1672 2095 1756 negotia
2154 1693 2300 1736 cum
2343 1683 2577 1758 nepote
2620 1673 2841 1737 Ludo-

604 1760 749 1824 vico
801 1757 973 1844 apud
1030 1779 1176 1822 suos
1220 1755 1618 1842 disponebat.
1704 1755 1851 1819 Huc
1896 1755 1953 1819 le
2000 1757 2089 1819 ati
2134 1755 2559 1840 devenienteS,
2611 1780 2839 1842 regem

604 1842 840 1908 adeunt
897 1864 972 1905 ac
1029 1863 1068 1904 a
1112 1841 1305 1906 duces
1353 1839 1885 1926 magnatibusque
1932 1778 2260 1904 gallorum
2316 1841 2614 1906 decenter
2670 1851 2843 1906 salu-

605 1937 837 1992 tantur.

770 2077 827 2140 3.
887 2074 1194 2160 Legatiog
1239 2073 1609 2140 Gallorum&
1652 2074 1734 2138 ad
1777 2072 2243 2138 Adelstanumg
2285 2096 2502 2159 regem
2544 2079 2661 2159 pro

1525 2157 1854 2222 Ludovico
1873 2169 1919 2221 g.

772 2261 1186 2347 Legationem
1218 2261 1406 2326 etiam
1481 2259 1946 2345 romulgantes:
1993 2259 2255 2341 ‘Ducis',
2284 2259 2597 2345 inquiunt,
2632 2258 2831 2324 ‘beni-

603 2343 880 2410 volentia
921 2355 1110 2431 atque
1155 2348 1436 2409 omnium
1528 2347 1638 2430 qui
1680 2346 1747 2407 in
1778 2343 2002 2408 Galliis
2044 2344 2323 2428 potiores
2368 2352 2513 2407 sunt
2554 2343 2678 2407 huc
2713 2367 2837 2429 per

603 2429 806 2494 undas
850 2430 1052 2514 ignoti
1111 2430 1302 2492 maris
1346 2429 1751 2510 devenimus3
1807 2438 1985 2492 tanta
2042 2437 2137 2492 est
2198 2428 2481 2490 omnium
2536 2425 2831 2493 voluntas

605 2515 886 2578 omnium
933 2536 1013 2577 ue
1059 2534 1418 2582 consensus.
1504 2512 1748 2576 Divaei
1792 2513 2135 2576 memoriae
2179 2509 2449 2575 Rodulfo
2498 2511 2638 2575 orbi
2684 2513 2829 2578 sub-

603 2607 826 2680 tractO,
930 2619 1022 2659 ux
1079 2595 1479 2660 Ludovicum
1523 2595 1866 2659 succedere
1908 2596 2304 2680 procuravit,
2348 2617 2493 2658 cum
2536 2595 2603 2659 id
2648 2595 2827 2661 multi

602 2682 786 2744 inviti
847 2679 1285 2761 concederent,
1353 2701 1426 2743 eo
1487 2678 1659 2764 quod
1704 2678 1781 2742 de
1825 2679 2021 2764 patris
2081 2679 2374 2764 captione
2418 2678 2621 2742 filium
2666 2679 2827 2744 adeo

605 2775 971 2849 suspectum
1003 2763 1322 2828 haberent.
1387 2763 1690 2827 Attamen
1732 2761 1880 2826 duci
1925 2762 2272 2828 elaboranti
2315 2761 2381 2826 id
2421 2764 2501 2828 ab
2534 2765 2825 2829 omnibus

602 2846 1054 2912 iocundissime
1085 2867 1453 2911 concessum
1485 2855 1597 2910 est.
1667 2846 2001 2911 Ludovico
2048 2869 2200 2932 ergo
2247 2869 2465 2911 omnes
2508 2847 2670 2912 bene
2712 2871 2829 2934 per

606 2932 818 2995 omnia
851 2929 1087 2995 obtant.
1151 2929 1285 2994 Nec
1317 2929 1438 2994 sibi
1470 2931 1812 3016 quicquam
1856 2931 2060 2995 maius
2106 2941 2217 2996 aut
2260 2933 2465 2995 carius
2512 2933 2647 2996 estk
2692 2935 2821 2997 eius

607 3014 826 3079 salute.
911 3013 1102 3079 Illum
1159 3016 1374 3101 itaque
1420 3037 1637 3078 omnes
1693 3015 1876 3079 reddi
1932 3024 2175 3100 petunt,
2277 3038 2422 3079 uem
2477 3016 2543 3077 in
2604 3015 2825 3082 Galliis

605 3097 844 3163 utiliter
872 3120 1138 3183 regnare
1169 3099 1453 3184 cupiunt.
1524 3098 1811 3185 Tempus
1842 3101 2140 3163 constitui
2167 3121 2248 3163 vo
2274 3109 2405 3181 unt,
2453 3121 2577 3185 quo
2607 3123 2818 3186 regna-

606 3193 748 3247 turo
815 3181 898 3245 ad
955 3185 1096 3269 ipsa
1151 3184 1343 3248 maris
1400 3182 1586 3247 litora
1644 3183 1780 3247 dux
1839 3204 1981 3247 cum
2042 3183 2437 3270 principibus
2496 3189 2821 3251 occurrat'.

605 3265 1018 3332 *Adelstanus
1081 3290 1197 3332 rex
1262 3268 1394 3331 acsi
1457 3266 1785 3332 barbaris³
1853 3289 1981 3332 non
2042 3268 2193 3332 satis
2254 3268 2537 3350 credenS,
2598 3267 2678 3332 ab
2734 3271 2819 3335 eis

607 3350 798 3415 fidem
889 3354 989 3416 er¹
1034 3359 1425 3416 sacramenta
1469 3374 1660 3437 super
1700 3351 1821 3416 hoc
1866 3351 2113 3438 quaerit
2162 3361 2225 3416 et
2267 3350 2351 3414 ad
2393 3362 2612 3416 votum
2666 3356 2817 3418 acci-

605 3439 718 3522 pit.
858 3458 1081 3521 empus
1127 3457 1381 3521 quoque
1425 3435 1725 3522 colloquii
1767 3435 2045 3500 habendi
2090 3437 2403 3501 statuitur.
2476 3435 2702 3521 Legati
2742 3438 2820 3502 ab

605 3542 757 3606 rege
787 3520 1100 3584 munerati
1129 3530 1320 3606 atque
1349 3520 1637 3604 digressi,
1665 3521 1732 3583 in
1764 3518 2006 3584 Gallias
2034 3520 2196 3583 mari
2225 3541 2513 3584 remenso
2543 3519 2818 3604 redeunt,

753 3681 801 3748 *)
835 3699 899 3734 ac
934 3683 1268 3735 Ludovicum
1304 3683 1707 3736 accersiendum
1749 3682 2100 3734 conclamant.
2142 3683 2268 3734 add.
2312 3685 2358 3732 1.

728 3753 802 3822 ’*)
842 3757 1136 3808 Bononiam
1179 3760 1225 3806 1.

724 3900 768 3954 a)
794 3908 896 3953 post
926 3904 1025 3943 add.
1114 3901 1162 3954 b)
1196 3904 1330 3943 multi
1362 3906 1402 3945 1.
1497 3902 1541 3955 c)
1575 3904 1604 3943 i.
1626 3914 1661 3942 e.
1694 3903 1799 3943 oris.
1919 3901 1964 3955 d)
2000 3903 2280 3943 devenerunt
2313 3905 2355 3942 1.
2461 3899 2504 3952 e)
2537 3902 2637 3943 Rex
2667 3903 2747 3943 Ad.
2780 3905 2819 3944 1.

603 3959 642 4014 f)
673 3963 716 4004 d.
733 3961 975 4004 Gallorum
1009 3965 1048 4003 1.
1157 3961 1202 4013 g)
1236 3963 1297 4014 io,
1330 3972 1446 4014 rum,
1479 3972 1633 4014 anum,
1666 3963 1829 4003 dovico
1860 3962 1972 4002 absc.
2063 3959 2111 4011 h)
2144 3961 2355 4002 omnibus
2386 3972 2445 4002 ex
2478 3960 2643 4002 Galliis
2675 3963 2818 4003 faven-

604 4021 726 4062 tibus
756 4021 846 4061 huc
879 4023 919 4064 1.
1041 4017 1078 4072 i)
1107 4021 1165 4060 D.
1195 4022 1256 4062 M.
1289 4033 1324 4063 c.
1445 4020 1494 4074 k)
1529 4033 1567 4062 e.
1597 4021 1820 4062 Ludovici
1852 4024 1895 4061 1.
2014 4018 2047 4072 1)
2080 4021 2181 4062 iure
2212 4021 2488 4062 sacramenti
2521 4024 2561 4061 1.

757 4149 813 4219 1)
851 4153 1148 4220 Boulogne.
1299 4150 1357 4219 2)
1395 4153 1677 4218 Evervich‚
1728 4153 2046 4218 Eboracum,
2096 4155 2258 4209 York.
2422 4150 2479 4220 3)
2518 4154 2556 4204 i.
2590 4169 2637 4204 e.
2676 4169 2817 4220 pere·

607 4226 789 4292 minis,
831 4227 1040 4280 exteris.
2038 4267 2041 4270 ι
