3059 4834
624 264 728 314 166
1092 259 1395 311 RICHERI
1430 257 1932 310 HISTORIARUM
1969 257 2191 309 LIBER
2227 257 2363 308 1111.

620 429 747 494 biis
789 426 1459 512 combustionibusque
1496 425 1709 490 affecit
1719 435 1764 488 a·
1837 424 1924 488 Et
1966 446 2111 487 cum
2153 424 2327 510 apud
2354 423 2658 488 Blesumb
2703 425 2859 490 loca

621 512 987 578 suburbana
1029 511 1459 590 succenderet,
1512 508 1824 574 incendiis
1885 530 2041 572 aura
2096 506 2288 572 flante
2346 509 2586 571 circum
2633 531 2858 595 uaque

621 594 1117 682 erumpentibus,
1159 595 1226 658 in
1282 592 1660 657 coenobium
1701 591 2152 656 monachorum
2205 593 2406 656 sancti
2461 614 2537 656 co
2609 595 2855 658 essoris

618 680 1005 745 Laudomari
1045 679 1212 762 ignis
1253 677 1560 777 plurimus
1604 675 1900 743 evolavit.
1985 675 2176 756 Quod
2217 697 2374 740 mox
2415 677 2854 759 combustum,

622 765 903 828 dirutum
930 763 1068 827 fuit.
1127 761 1274 826 Cib1
1345 783 1556 846 uoque
1586 760 1968 844 consumpti.
2029 758 2214 824 Unde
2239 781 2362 824 nec
2381 759 2856 825 monachorum

623 849 916 933 migratio
960 847 1179 912 defuit.
1263 783 1384 908 fiis
1429 845 1762 929 exemptis,
1805 845 1875 906 in
1914 842 2055 907 loca
2096 841 2222 906 alia
2263 845 2622 908 exercitum
2652 853 2857 910 retor-

625 940 777 1016 quet
818 941 883 997 et
936 939 1159 995 vastat.
1262 929 1420 993 Post
1461 929 1640 991 cuius
1683 927 2034 1012 digressum
2089 926 2234 992 Odo
2292 929 2361 990 in
2424 929 2562 991 eius
2607 937 2860 994 terram

618 1037 807 1080 versa
860 1017 997 1080 vice
1053 1014 1402 1079 exercitum
1456 1011 1740 1092 induxit,
1807 1013 1898 1074 sic
1947 1013 2017 1074 in
2073 1033 2149 1074 ea
2205 1010 2500 1075 efferatus
2517 1057 2535 1087 ,
2600 1019 2676 1075 ut
2730 1033 2860 1077 nec-

620 1099 945 1184 tugurium
995 1096 1098 1163 vel
1137 1095 1375 1182 gallum
1426 1095 1809 1181 relinqueret
1822 1142 1837 1170 ,
1901 1093 2146 1158 hostem
2200 1116 2557 1180 provocans
2575 1107 2602 1138 ⁰
2659 1105 2727 1160 et
2783 1107 2862 1161 ut

622 1183 1034 1247 dimicaturus
1074 1182 1289 1246 veniat
1329 1181 1622 1244 invitans
1709 1179 1824 1243 Ille
1867 1188 2082 1243 autem
2126 1179 2344 1262 copias
2387 1200 2518 1242 non
2549 1179 2856 1244 sufficere

624 1267 747 1332 sibi
777 1288 1183 1353 cognoscem,
1225 1264 1602 1350 provocanti
1639 1265 1829 1328 cessit
1868 1272 2059 1348 atque
2089 1263 2172 1325 ad
2203 1283 2320 1325 sua
2347 1261 2554 1326 rediit.
2631 1263 2857 1350 Atque

620 1349 779 1414 haec
821 1350 951 1415 fere
992 1373 1110 1436 per
1147 1348 1477 1413 biennium
1492 1360 1534 1411 ¹.

377 1521 397 1542 ·
425 1535 469 1574 p.
502 1523 604 1566 eso.
624 1506 725 1570 80.
809 1504 1117 1570 *Oratiod
1159 1504 1549 1589 legatorumd
1596 1501 1840 1568 Odonis
1892 1502 2065 1588 apud
2120 1502 2382 1586 regem(l
2425 1501 2505 1566 de
2549 1500 2858 1567 Miliduni

1479 1587 1851 1672 pervasione
1867 1587 1896 1628 ‘¹
1909 1617 1920 1626 ·
1935 1599 1980 1648 θ.

793 1688 937 1754 Odo
979 1689 1217 1752 interea
1258 1696 1465 1751 castro
1508 1687 1741 1751 amisso
1785 1687 2151 1769 frustramS,
2197 1687 2389 1750 etiam
2428 1687 2498 1750 in
2535 1687 2652 1750 hoc
2695 1710 2846 1752 sese

626 1773 1059 1838 cautissimum
1100 1768 1394 1835 habebat.
1475 1770 1926 1835 Arbitrabatur
1954 1771 2186 1834 etenim
2214 1768 2457 1855 duplici
2487 1769 2850 1838 calamitate

624 1879 692 1921 se
720 1879 909 1942 posse
938 1854 1237 1941 torqueri,
1282 1876 1426 1917 cum
1471 1854 1586 1918 def
1624 1855 1816 1918 castri
1845 1855 2182 1918 amissione
2217 1851 2566 1939 plurimum
2605 1854 2860 1922 doleret

623 1950 687 2006 et
727 1964 767 2004 a
808 1962 958 2024 rege
1001 1941 1162 2004 irato
1190 1961 1318 2003 non
1358 1938 1765 2003 mediocriter
1804 1936 2044 2002 valeret
2071 1938 2301 2021 urgeri.
2388 1937 2579 2002 Unde
2617 1945 2682 2002 et
2710 1963 2783 2004 re
2833 1941 2859 2003 i

618 2025 864 2110 legatos
910 2024 1160 2105 direxit,
1208 2046 1325 2109 per
1382 2045 1542 2109 quos
1602 2044 1742 2087 sese
1801 2023 2039 2107 optime
2094 2022 2460 2085 ratiocinari
2514 2044 2708 2107 posse
2769 1963 2858 2089 (ᾗ

622 2107 889 2173 obiectis
946 2107 1452 2193 quibuscumque
1466 2119 1497 2162 g
1560 2115 1960 2191 suggereret:
2035 2127 2172 2170 sese
2235 2106 2302 2168 in
2363 2103 2536 2169 nullo
2600 2107 2858 2191 regiam

622 2194 1017 2258 maiestatem
1041 2191 1262 2256 lesisse
1293 2201 1712 2256 ostensurum.
1787 2189 1858 2254 Si
1884 2189 1964 2254 de
1993 2189 2304 2254 Miliduno
2332 2198 2579 2272 agatur,
2625 2201 2862 2256 eontra

621 2298 839 2361 regem
880 2274 970 2338 nil
1010 2275 1160 2339 mali
1199 2274 1507 2357 molitum,
1551 2295 1699 2338 cum
1739 2295 1869 2338 non
1909 2274 2068 2357 regi,
2113 2271 2226 2336 sed
2268 2294 2381 2337 suo
2426 2273 2858 2338 commilitoni

620 2359 781 2424 illud
808 2358 1188 2424 abstulisset,
1256 2359 1420 2444 Regi
1445 2358 1604 2421 nihil
1645 2357 2018 2442 derogatum
2059 2356 2270 2438 fuisse,
2317 2377 2462 2420 cum
2501 2359 2642 2442 ipse
2671 2361 2856 2443 regis

624 2466 828 2531 aeque
884 2445 967 2507 sit
1016 2452 1088 2507 ut
1135 2441 1240 2506 ille
1295 2443 1395 2505 cui
1452 2441 1732 2506 abstulit.
1824 2439 2122 2525 Nihilque
2177 2441 2482 2506 interesse
2535 2452 2858 2540 quantum

622 2527 709 2592 ad
756 2529 998 2614 regiam
1041 2526 1415 2612 dignitatem
1430 2572 1447 2607 ,
1513 2525 1898 2611 quicumque
1947 2532 2176 2589 teneat.
2285 2523 2440 2588 Sese
2489 2527 2729 2590 etiamh
2781 2527 2858 2590 id

622 2613 805 2676 iustis
849 2611 1056 2676 causis
1100 2610 1401 2691 effecisse,
1446 2630 1593 2672 cum
1634 2607 1789 2672 illud
1845 2631 1884 2672 a
1926 2610 2057 2672 suis
2113 2609 2590 2694 precessoribus
2651 2610 2858 2673 olim&

622 2717 989 2780 possessum
1032 2694 1375 2779 approbari
1428 2694 1650 2778 possit.
1755 2692 1943 2757 Unde
1995 2693 2187 2756 etiam
2236 2691 2440 2756 videri
2480 2714 2700 2778 posse,
2760 2707 2856 2757 as

622 2801 691 2842 se
735 2779 989 2877 dignius
1030 2779 1231 2841 teneri
1271 2776 1503 2841 debere
1549 2798 1739 2861 quam
1779 2777 1861 2842 ab
1899 2774 2024 2840 alio
2055 2797 2334 2860 quocum
2379 2798 2480 2840 ue.
2553 2776 2855 2842 Tandem

622 2863 677 2925 si
723 2862 877 2947 qu1d
919 2860 1154 2947 piaculi
1196 2861 1433 2924 factum
1477 2869 1591 2942 est,
1634 2862 1701 2923 in
1745 2883 1880 2924 sese
1919 2881 2196 2958 poenam
2239 2860 2318 2923 de
2366 2861 2571 2924 ecoris
2611 2861 2855 2925 redun-

623 2945 810 3009 dasse
851 2954 1225 3030 tantumque
1268 2942 1470 3006 scelus
1513 2944 1657 3029 pari
1697 2945 2046 3028 ignominia
2092 2942 2466 3007 abstersum.
2546 2943 2738 3008 Unde
2783 2956 2854 3011 et

621 3027 871 3093 facilius
916 3026 1037 3090 sibi
1077 3025 1539 3110 indulgendum
1581 3036 1770 3124 atque
1811 3029 1878 3091 in
1919 3037 2096 3091 tanta
2127 3027 2359 3090 iniuria
2399 3026 2674 3113 amplius
2691 3050 2853 3176 ffpar-

625 3111 915 3176 cendum.
1049 3109 1192 3174 Rex
1255 3110 1556 3173 orationis
1619 3132 1752 3173 Vim
1809 3111 2171 3193 advertenS,
2240 3109 2466 3194 legatis
2535 3113 2688 3176 satis
2717 3115 2856 3178 acit

622 3193 1238 3280 benivolentiamque
1277 3193 1517 3280 petenti
1546 3193 1823 3258 mandat.
1879 3195 2062 3258 Haec
2089 3193 2281 3279 legati
2304 3195 2521 3259 Odoni
2540 3195 2851 3262 referunt.

628 3278 773 3343 Odo
815 3279 1029 3364 itaque
1070 3301 1287 3362 regem
1330 3275 1504 3343 adiit.
1604 3276 1839 3342 Coram
1891 3299 2016 3364 quo
2059 3281 2343 3342 oratione
2387 3279 2624 3344 utiliter
2666 3303 2849 3364 usus,

626 3365 761 3428 eius
802 3365 1007 3448 gratia
1032 3365 1271 3448 potitus
1301 3370 1421 3444 est3
1464 3370 1638 3426 tanta
1666 3361 2034 3426 affabilitate
2062 3361 2348 3447 insignis,
2389 3373 2461 3426 ut
2494 3364 2848 3428 amicitiam

623 3448 955 3533 pristinam
996 3457 1373 3512 renovarent
1414 3455 1477 3511 et
1516 3448 1584 3510 in
1625 3443 1795 3509 nullo
1839 3453 2167 3530 suspectus
2209 3447 2348 3531 regi
2388 3445 2751 3513 haberetur.

683 3604 782 3667 81.
870 3603 1119 3668 Bellum
1157 3604 1323 3668 inter
1366 3603 1660 3670 Odonem
1703 3603 1791 3667 eti
1833 3600 2212 3666 1.·Ἷι1166116111ί
2255 3601 2335 3666 (16
2376 3601 2786 3671 Brittannias.

792 3704 935 3768 Hac
974 3714 1345 3790 tempestate
1386 3705 1608 3770 itidem
1652 3703 1862 3768 civilia
1888 3702 2056 3768 bella
2095 3714 2388 3788 reparata
2423 3717 2589 3773 sunt.
2675 3707 2850 3773 Nam

626 3788 826 3853 Fulco
877 3787 1269 3852 Brittanniae
1332 3799 1513 3873 parte
1577 3788 1914 3852 frustratus
1931 3837 1948 3870 ,
2009 3789 2270 3852 insidias
2335 3789 2547 3854 adhuc
2613 3813 2845 3877 parare

744 3986 790 4040 a)
822 3987 1019 4038 percutit
1046 3997 1257 4035 super-scr.
1287 3986 1456 4028 affecit.
1575 3985 1622 4039 b)
1654 3988 1708 4027 Β.
1727 3991 1924 4027 castrum
1945 3990 1985 4029 1.
2103 3986 2145 4038 c)
2177 3958 2401 4037 provo-cas
2431 3999 2545 4029 corr.
2567 4000 2844 4040 provocans.

612 4045 674 4096 ·d)
722 4057 762 4095 0,
793 4057 910 4097 rum,
939 4055 1111 4096 regem,
1152 4055 1240 4085 one
1269 4046 1381 4085 abac.
1559 4044 1604 4097 6)
1647 4043 1897 4099 oapt1(one)
1930 4049 1969 4086 1.
2145 4044 2182 4097 f)
2222 4047 2272 4086 111
2306 4049 2345 4087 1.
2514 4045 2561 4098 g)
2597 4055 2700 4098 post
2742 4049 2846 4089 aad.

626 4104 678 4156 h)
710 4106 849 4145 etiam
880 4105 927 4144 id
955 4105 1088 4145 iustis
1120 4113 1158 4144 c.
1190 4104 1238 4143 id
1268 4115 1309 4144 e.
1340 4116 1375 4143 c.
1495 4101 1532 4155 i)
1565 4108 1609 4144 et
1637 4103 1944 4158 F(ulconem)‚
1972 4108 2070 4145 ttan
2102 4105 2213 4147 absc.

774 4236 829 4300 1)
868 4235 953 4284 De
1002 4236 1187 4285 harum
1235 4251 1407 4286 rerum
1455 4241 1694 4303 tempore
1746 4252 1932 4302 parum
1971 4241 2194 4288 constat.

3037 3019 3039 3024 .
3034 2791 3039 2928 —-—-..
3025 1805 3040 2786 ψᾼψ-*ῲ-ῲῄ-
3037 1779 3039 1794 -
