3059 4834
684 257 992 310 RICHERI
1030 258 1537 312 HISTORIARUM
1573 260 1798 312 LIBER
1833 260 1893 311 11
2367 262 2433 311 79

185 424 588 509 fungebatur
627 423 840 489 officio
883 425 1215 510 privatur⁸
1269 434 1332 490 et
1382 447 1423 489 a
1467 436 1814 512 conspectu
1856 426 2065 492 sinodi
2108 435 2430 492 contume-
2448 444 2549 488 ⁹4⁸.

186 506 356 572 liose
398 507 778 593 reprobatus
821 509 996 574 exire
1027 507 1439 594 compellitur.
1523 509 1795 574 Artoldo
1829 532 1983 575 vero
2021 512 2433 597 pontificatus

189 590 580 676 dignitatem
625 591 980 656 secundum
1037 613 1356 657 canonum
1409 593 1697 660 instituta
1752 602 2134 680 patrumque
2177 594 2434 660 decreta

189 675 462 740 sinodus
503 672 868 741 habendam
913 674 1195 740 decernit
1234 686 1424 762 atque
1455 677 1847 760 corroborat,
1892 700 1967 743 eo
2041 678 2171 744 uod
2200 677 2431 743 nullius

187 757 453 824 concilii
514 757 868 823 rationibus
931 761 1234 824 interesse
1291 759 1617 846 refugerit.
1725 762 1941 846 Atque
2049 783 2163 827 aec
2227 763 2431 848 prima

187 843 634 908 consessionis
676 842 781 907 die
825 843 1168 907 constituta
1211 853 1376 908 sunt.

370 927 473 994 80.
541 925 838 991 Secunda
879 947 1030 991 vero
1075 925 1198 1009 die,
1291 935 1391 991 ost
1429 929 1730 994 recitatas
1776 950 1995 993 sacrae
2035 931 2430 994 auctoritatis

183 1007 521 1074 lectiones*
547 1018 612 1073 et
653 1008 872 1073 domni
900 1009 1191 1076 Rotberti
1225 1031 1265 1074 a
1311 1013 1693 1094 ocutioncm,
1737 1034 1776 1076 a
1804 1011 2156 1078 venerabili
2182 1013 2430 1078 Marino

188 1093 625 1175 constituitur,
669 1101 759 1172 ut,
848 1095 1107 1158 uoniam
1149 1094 1334 1158 iuxta
1377 1116 1597 1160 sacrae
1645 1094 1808 1182 legis
1852 1097 2231 1162 sententiam
2274 1118 2430 1183 pon-

186 1175 447 1240 tificalis
491 1175 767 1286 dignitas
873 1176 1078 1242 rtoldo
1121 1179 1412 1243 restituta
1470 1188 1585 1261 est,
1641 1180 1711 1243 in
1765 1181 1968 1265 ipsius
2021 1202 2432 1267 pervasorem

188 1258 502 1324 sinodalis
609 1260 967 1345 proferatur
1045 1283 1334 1326 censura.
1446 1262 1823 1328 Recitantur
1891 1265 2106 1363 itaque
2178 1265 2431 1330 decreta
2448 1278 2527 1332 ⁶9.
2557 1281 2657 1324 σοι

189 1364 515 1408 canonum
547 1353 610 1408 et
638 1353 1003 1409 sanctorum
1033 1346 1322 1410 instituta
1349 1357 1625 1433 patrum,
1654 1347 2027 1430 Innocenti1,
2058 1347 2429 1430 Alexandri,

191 1426 582 1509 Simmachi,
642 1426 830 1508 sixti,
888 1426 1211 1512 Celestini,
1265 1429 1528 1512 Zosimi,
1582 1430 1848 1514 Leonis,
1899 1431 2229 1496 Bonefacii
2280 1431 2429 1496 alio·

189 1532 466 1597 rumque
511 1521 766 1576 sanctae
795 1513 923 1577 Dei
961 1511 1309 1578 aecclesiae
1348 1517 1682 1578 doctorum
1711 1513 2069 1580 illustrium.
2140 1516 2428 1595 Quorum

193 1595 472 1660 decretis
515 1596 901 1661 unanimiter
941 1594 1478 1662 anathematizant
1518 1607 1712 1684 atque
1748 1599 1830 1664 ab
1860 1601 2054 1664 totius
2083 1598 2428 1664 aecclesiae

193 1678 645 1744 communione
689 1689 1088 1766 sequestrant
1127 1679 1472 1766 Hugonem
1516 1681 1851 1747 Remensis
1902 1682 2247 1748 aecclesiae
2288 1705 2428 1769 per-

189 1784 509 1909 vasorem,
554 1762 758 1827 donec
785 1765 1259 1850 resipiscentem
1289 1767 1574 1851 peniteat
1602 1787 1679 1830 ac
1707 1788 1824 1852 pro
1853 1767 2135 1832 facinore
2173 1768 2428 1832 offensis

192 1847 351 1911 satis
377 1847 560 1911 aciat.

365 1930 466 1996 81.
531 1928 817 2016 Reliquis
859 1940 1074 1995 autem
1117 1930 1343 1996 diebus
1388 1931 1715 1996 decretum
1773 1941 1872 1996 est
1927 1932 2007 1997 de
2066 1934 2321 1998 incestis
2364 1943 2429 1998 et

191 2013 432 2079 illicitis
466 2013 963 2100 presbiterorum
1007 2015 1336 2100 coniugiiS,
1364 2015 1461 2079 ‘de
1485 2027 1502 2060 ¹
1540 2015 1906 2101 presbiteris
1952 2038 2205 2114 quoque
2236 2015 2427 2080 euka-

192 2099 444 2164 ristiam
513 2098 778 2182 indigne
840 2096 1280 2180 tractantibus,
1354 2097 1434 2162 de
1499 2097 1825 2163 aecclesiis
1892 2109 2085 2164 etlam
2148 2120 2189 2163 a
2243 2099 2425 2163 laicis

189 2181 480 2247 indebite
509 2182 864 2268 usurpatis3
908 2179 1160 2267 aliaque
1203 2180 1506 2246 nonnulla
1538 2183 1639 2248 'ibi
1651 2180 1929 2330 dprolata
1947 2185 1975 2226 ¹>
2017 2183 2213 2266 fuere,
2260 2205 2424 2269 quae

195 2264 681 2350 diligentissime
723 2266 1109 2351 investigata
1149 2275 1340 2352 atque
1370 2265 1609 2332 utiliter
1696 2265 1922 2331 1ffinita
1952 2277 2115 2332 sunt.
2188 2268 2424 2353 Sicque
2453 2347 2459 2352 ,

197 2347 462 2412 sinodus
519 2348 723 2414 soluta
780 2358 893 2414 est.
988 2348 1343 2414 Indicitur*
1361 2379 1372 2390 ·
1392 2361 1416 2394 ²
1461 2371 1611 2414 vero
1714 2360 1813 2415 ost
1854 2350 2001 2416 -dies
2057 2351 2140 2416 30
2195 2352 2425 2416 iterum

195 2430 498 2496 habenda
552 2432 850 2498 Lauduni
906 2432 974 2495 in
1030 2432 1297 2498 basilica
1353 2435 1558 2499 sancti
1684 2435 1943 2499 incentii
2001 2435 2295 2516 martiris,
2353 2444 2424 2499 ut

194 2514 294 2580 ibi
337 2526 629 2582 exeratur
671 2515 1010 2582 anathema
1051 2517 1120 2580 in
1160 2516 1505 2603 Hugonem
1550 2519 1890 2582 tirannum.

191 2635 298 2701 82.
361 2635 761 2702 Anathemac
814 2638 1308 2724 episcoporumc
1365 2640 1432 2702 in
1486 2638 1718 2702 ducem
1765 2639 2069 2726 eiusque0
2122 2637 2421 2702 fautores.

363 2738 614 2818 Quibus
657 2737 996 2824 diligenter
1038 2761 1115 2803 ac
1172 2741 1480 2804 canonice
1534 2741 1831 2826 peractis,
1888 2739 2252 2805 Ludovicus
2305 2763 2424 2805 rex

189 2820 274 2885 ab
322 2819 558 2886 Ottone
600 2844 751 2909 rege
795 2822 1068 2887 militum
1126 2825 1345 2909 copias
1402 2822 1572 2888 duce
1630 2823 1969 2889 Ohonrado
2026 2834 2247 2889 contra
2286 2823 2420 2888 Hu-

189 2925 424 2989 gonem
453 2907 775 2970 tirannum
803 2907 1057 2993 accipit.
1131 2907 1312 2987 Quae
1341 2907 1494 2971 dum
1522 2929 1643 2994 per
1668 2908 1805 2973 dies
1846 2909 1931 2973 40
1961 2906 2420 2993 colligerentur,

189 2990 480 3137 {3233231
503 2988 1388 3139 sssszzssdffifissffffiffzffli
1432 3001 1607 3139 {³⁰33
1690 2992 2333 3140 ffliffiuf'i‘ssssiusse
2354 2991 2422 3140 ³2¹

191 3153 525 3221 Ludovico
599 3156 845 3222 collecti
917 3167 1062 3223 sunt
1074 3167 1120 3222 ³.
1234 3158 1321 3223 Et
1398 3097 1629 3223 italiam
1700 3160 2060 3246 presidente
2130 3098 2419 3246 predicffzo

191 3238 462 3322 Marino,
523 3251 671 3327 post
722 3261 940 3305 sacrae
995 3243 1119 3306 scri
1166 3251 1347 3307 turae
1403 3244 1694 3328 paginaS,
1760 3265 1925 3329 quae
1981 3242 2075 3307 ibi
2115 3244 2418 3308 recitatae

193 3332 258 3388 et
309 3323 511 3388 multa
568 3324 1071 3390 consideratione
1119 3264 1416 3390 {iscusse
1469 3334 1644 3408 sunt,
1702 3325 2046 3411 Hugonem
2098 3329 2420 3389 tirannum

193 3408 594 3473 anathemate
637 3409 944 3472 damnant
985 3418 1048 3474 et
1089 3431 1129 3472 a
1171 3418 1394 3474 sancta
1435 3407 1746 3473 aecclesia
1788 3407 2047 3493 pellunt,
2102 3409 2225 3472 nisi
2267 3409 2417 3473 resi-

192 3490 446 3576 piscens
499 3490 757 3556 domino
817 3513 933 3556 suo
991 3491 1342 3556 satisfaciat
1393 3500 1504 3556 aut
1542 3492 1814 3556 Romam
1864 3513 1983 3578 pro
2030 3493 2129 3556 sui
2170 3489 2419 3557 absolu-

189 3575 364 3639 tione
419 3575 594 3661 apud
651 3575 958 3640 domnum
1011 3596 1250 3661 papam
1306 3576 1793 3640 ratiocinaturus
1849 3584 2044 3661 petat.
2151 3576 2231 3641 In
2296 3596 2423 3663 qua

302 3735 352 3804 ²⁸¹)
389 3737 511 3791 Iud.
551 3754 676 3791 vero
713 3739 904 3792 iterum
945 3738 1097 3803 (del.)
1143 3763 1204 3774 —
1247 3737 1510 3789 tirannum
1547 3737 1606 3788 in
1642 3753 1809 3806 marq.

308 3883 355 3935 a)
387 3885 594 3934 privatus
626 3887 696 3926 est
729 3886 769 3926 1.
889 3881 937 3935 b)
965 3884 1197 3936 prolatata
1225 3893 1262 3925 ο.
1381 3881 1423 3935 c)
1452 3881 1510 3935 A,
1546 3883 1780 3936 episcopo,
1810 3884 1855 3924 et
1885 3883 2000 3925 absc.

313 4012 373 4081 1)
397 4016 554 4068 Haec
580 4031 755 4083 neque
782 4015 926 4084 apud
950 4015 1318 4070 Flodoardum
1347 4030 1521 4081 neque
1548 4015 1603 4065 in
1628 4015 1780 4066 Actis
1804 4014 2073 4082 leguntur.
2187 4012 2245 4080 2)
2266 4014 2420 4065 Haec

195 4086 391 4140 dubiae
427 4087 557 4141 fidei
585 4090 847 4142 Richcms
884 4089 1102 4142 adiecit.
1251 4087 1314 4156 3)
1353 4089 1503 4152 Quae
1529 4093 1839 4154 sequuntur,
1880 4088 2098 4139 minime
2130 4088 2186 4138 in
2212 4088 2415 4154 synodo

191 4160 540 4214 Laudunensi
594 4163 692 4215 sed
741 4164 797 4214 in
835 4163 1153 4216 Treverensi
1203 4167 1436 4214 tractata
1480 4167 1619 4225 sunt,
1670 4166 1730 4213 ut
1782 4177 1847 4212 ex
1898 4159 2205 4213 Flodoardo
2243 4167 2409 4228 patet.

190 4232 299 4286 Hic
348 4237 631 4303 episcopos
669 4236 921 4288 Lauduni
959 4234 1217 4289 collectos
1252 4233 1575 4288 Tetbaldum
1620 4236 2110 4288 excommunicasse
2162 4233 2345 4286 tradit.
