3059 4834
457 852 601 910 (οη.)

405 2346 498 2387 Iul.
532 2347 604 2391 13.

616 217 686 305 so
1143 253 1444 304 monam
1482 252 1989 305 HISTORIARUM
2018 251 2241 304 mssa
2278 253 2324 303 1.

614 423 894 507 attigerit
908 434 948 486 ¹.
1033 419 1347 485 Neutrum
1358 421 1442 464 *Α
1496 418 1749 483 illorum
1808 419 2012 504 spolia
2068 419 2406 504 diripuisse
2422 431 2448 462 ²
2508 421 2776 505 contigit
2796 431 2852 484 ³.

617 506 819 572 Cuius
869 505 965 569 rei
1016 505 1448 589 oportunitasa
1499 525 1646 567 cum
1701 502 1981 568 Karolo³
2034 524 2166 568 non
2223 503 2563 569 defuisset⁸
2582 552 2599 584 ‚
2663 503 2857 568 nulla

615 600 871 656 tamen⁸
935 588 1159 652 ductus
1224 587 1569 673 cupiditate
1587 598 1614 629 ⁸
1656 609 1793 651 rem
1834 588 2218 674 pernitiose⁸
2272 589 2512 653 vitavit.
2597 587 2768 652 Nam
2780 590 2855 620 **

616 672 958 759 ῒιωιεῇιςίε
1000 671 1343 757 plurimum
1387 671 1702 753 diffidens,
1745 681 1965 757 utpote
1976 672 2063 702 *²³*
2117 673 2229 757 qui
2269 673 2618 736 maximam
2660 694 2853 736 exer-

622 759 785 822 citus
826 765 1082 856 partem
1137 757 1463 837 amiserat,
1517 776 1675 818 mox
1715 756 1834 820 iter
1874 756 2051 818 sineb
2096 755 2315 840 spoliis
2358 757 2426 818 in
2466 754 2851 840 Belgicam*

620 851 890 922 retorsit,
919 849 1067 926 post
1077 842 1129 882 Η
1159 838 1571 904 truculentius
1598 838 1806 903 redire
1836 839 1934 903 dis
1984 860 2199 902 onens.
2251 839 2433 904 Hac²
2462 848 2851 925 tempestate

622 935 824 990 terrae
866 933 1076 988 motus
1120 925 1188 986 in
1214 945 1382 1008 pago
1415 921 1866 988 camaracensi
1932 931 2110 988 actus
2155 932 2267 1006 est,
2311 946 2395 986 ex
2439 945 2564 1008 quo
2610 923 2849 987 domus

619 1007 959 1074 nunnullae
1003 1007 1342 1072 subversae
1387 1017 1549 1071 sunt.
1636 1006 1825 1071 Unde
1869 1016 1933 1070 et
1971 1029 2185 1071 rerum
2227 1005 2551 1072 calamitas
2594 1007 2848 1072 adverti

620 1093 846 1179 potuit,
890 1113 1038 1156 cum
1079 1092 1258 1178 regni
1301 1093 1599 1178 princeps
1651 1100 1863 1177 preter
1904 1091 2003 1155 ius
2048 1100 2274 1176 captus
2314 1100 2377 1155 et
2413 1093 2483 1155 in
2520 1111 2849 1155 carcerem

621 1199 822 1262 usque
866 1176 934 1238 in
976 1175 1147 1239 diem
1187 1175 1356 1240 vitae
1399 1197 1550 1240 suae
1584 1196 1949 1260 supremum
1980 1175 2269 1239 detrusus
2300 1176 2397 1239 sit.
2483 1173 2649 1239 Nam
2693 1196 2847 1238 cum

621 1283 760 1325 rem
811 1258 1149 1324 militarem
1203 1259 1300 1323 dis
1352 1269 1568 1323 oneret
1620 1269 1684 1323 et
1732 1259 2081 1323 exercitum
2134 1259 2557 1345 copiosiorem
2614 1257 2845 1323 Galliis

621 1344 852 1408 inferre
895 1351 1166 1430 pararet,
1214 1342 1275 1408 G
1363 1345 1539 1429 ‘sque
1582 1343 1732 1407 inde
1774 1344 1964 1407 timor
2005 1341 2239 1428 multus
2281 1343 2681 1424 incuteretur,
2724 1344 2844 1406 mi-

621 1429 782 1494 tiore
838 1428 1050 1491 animo
1103 1425 1485 1491 ferebantur.
1576 1426 1768 1507 Quod
1820 1425 2097 1490 Karolus
2159 1448 2278 1490 rex
2340 1425 2841 1510 subintelligenS,

622 1534 740 1596 per
781 1510 838 1574 le
886 1519 1023 1574 atos
1065 1532 1363 1575 revocare
1417 1531 1526 1574 eos
1580 1509 1899 1574 nitebatur
1951 1509 2291 1595 multisque
2342 1509 2693 1574 rationibus
2747 1511 2845 1574 eis

622 1595 693 1659 id
736 1617 850 1657 sua
896 1616 1000 1657 ere
1034 1593 1355 1678 querebat.
1441 1594 1851 1658 Nortmannis
1865 1603 1891 1639 ⁸
1924 1615 2175 1679 quoque
2204 1615 2405 1679 usque
2434 1593 2518 1658 ad
2548 1594 2846 1658 effectum

625 1678 840 1759 suasit,
884 1675 1044 1741 adeo
1088 1686 1161 1741 ut
1200 1679 1338 1762 regi
1379 1676 1574 1742 fidem
1604 1675 1917 1762 spondere
1946 1679 2129 1763 eique
2172 1685 2243 1741 ut
2283 1676 2531 1742 iuberet
2571 1677 2845 1742 militare

621 1759 872 1826 vellent.
961 1761 1090 1841 Qui
1134 1782 1280 1824 cum
1321 1762 1459 1860 regi
1501 1759 1827 1826 militaturi
1857 1782 2183 1825 occurrere
2211 1772 2527 1848 pararent,
2569 1785 2609 1826 a
2639 1761 2845 1827 Gallis

622 1843 1182 1909 intercurrentibus
1224 1844 1478 1909 inhib1ti
1521 1854 1682 1910 sunt.
1769 1844 1959 1909 Unde
2002 1855 2066 1909 et
2108 1867 2326 1912 eorum
2372 1847 2680 1931 suppetiis
2720 1869 2843 1910 rex

619 1930 905 2014 privatus
948 1935 1060 1992 est.

839 2056 941 2121 47.
1028 2055 1323 2120 Rodulfic
1363 2059 1535 2142 regis
1578 2060 1933 2144 promotio⁰
1975 2080 2050 2122 ac
2091 2057 2355 2122 Karoli⁰
2397 2058 2627 2142 captio,

791 2158 960 2224 Galli
1029 2182 1069 2224 a
1131 2161 1469 2245 pertinatia
1536 2158 1893 2224 nullatenus
1964 2161 2357 2246 quiescentes
2370 2207 2387 2239 ,
2473 2157 2837 2242 Rodulfum,

620 2241 926 2308 Richardi
966 2243 1440 2329 Burgundionis
1481 2241 1703 2325 filium,
1756 2245 2047 2326 accitum,
2091 2244 2266 2329 apud
2306 2241 2530 2308 urbem
2577 2241 2837 2308 Suesso-

621 2329 865 2405 nicam‚
919 2350 995 2391 eo
1038 2327 1190 2392 licet
1243 2329 1436 2392 satisb
1488 2325 1869 2392 reclamante
1962 2350 2179 2414 regem
2234 2326 2357 2391 sibi
2465 2325 2835 2409 refecerunt,

621 2413 832 2476 virum
886 2421 1210 2476 strenuum
1264 2433 1340 2475 ac
1396 2411 1622 2474 litteris
1677 2375 2044 2476 liberalibus
2107 2433 2237 2476 non
2290 2433 2393 2474 me
2445 2412 2694 2474 'ocriter
2743 2412 2834 2474 in-

623 2505 947 2560 structum.
1058 2495 1252 2576 Quod
1313 2495 1709 2576 Her-ibertus,
1772 2504 2089 2558 tantorum
2150 2495 2461 2560 malorum
2531 2495 2837 2577 incentor,

625 2601 763 2643 sese
804 2578 963 2643 velle
1007 2577 1430 2658 dissimulans,
1484 2577 1796 2642 Karolum
1836 2600 1905 2642 re
1950 2599 2053 2641 em
2095 2600 2211 2665 per
2261 2578 2503 2664 legatos
2552 2579 2838 2660 accersit,

623 2663 814 2726 tantis
842 2661 1111 2746 flagiciis
1142 2683 1209 2724 se
1238 2663 1423 2725 reniti
1449 2659 1724 2725 voluisse
1753 2684 1904 2726 man
1950 2685 2083 2744 anS,
2127 2663 2241 2726 sed
2284 2685 2324 2726 a
2366 2664 2836 2728 coniuratorum

625 2744 1026 2810 multitudine
1076 2745 1624 2809 vehementissime
1680 2767 2122 2831 suppressum3
2192 2756 2345 2810 tunc
2394 2745 2640 2810 nullum
2694 2768 2837 2811 con·

627 2827 752 2893 silii
790 2828 1000 2893 locum
1042 2830 1344 2916 patuisse,
1387 2850 1557 2892 nunc
1586 2851 1735 2894 vero
1765 2829 2029 2894 remedii
2057 2840 2306 2915 partem
2350 2831 2655 2915 optimam
2699 2853 2837 2895 sese

624 2935 694 2978 re
743 2914 1014 2998 perisse3
1079 2913 1248 2977 unde
1289 2922 1354 2977 et
1393 2915 1701 2977 maturius
1755 2914 2039 2996 accedat,
2093 2936 2219 3000 quo
2258 2916 2319 2979 ei
2357 2915 2380 2977 i
2429 2936 2497 2978 se
2537 2914 2837 2980 obvenire

623 3021 667 3062 v
729 3007 859 3080 eat3
904 3020 1050 3061 cum
1092 2998 1314 3084 paucis
1355 3006 1589 3080 tamen,
1629 3020 1730 3078 ne,
1772 2999 1827 3061 si
1869 3020 2016 3061 cum
2055 2997 2269 3063 multis
2310 3022 2351 3062 a
2393 3000 2670 3081 veniant,
2714 2999 2838 3063 dis-

627 3080 968 3146 sidentium
1030 3082 1428 3147 animositate
1480 3083 1549 3144 in
1598 3079 1838 3146 bellum
1891 3091 2227 3168 cogantur3
2314 3092 2378 3146 et
2427 3104 2546 3168 pro
2597 3084 2838 3147 itineris

625 3166 980 3247 securitate,
1024 3167 1078 3230 si
1121 3164 1245 3229 sibi
1286 3165 1553 3252 placeat,
1606 3166 1689 3231 ab
1732 3167 1890 3252 ipsis
1931 3164 2155 3252 legatis
2198 3166 2605 3231 iurisiurandi
2646 3165 2839 3231 fidem

625 3250 915 3335 accipiat.
1000 3249 1142 3314 Rex
1195 3250 1420 3314 horum
1478 3249 1793 3330 creduluS‚
1847 3249 1929 3314 ab
1971 3250 2197 3335 legatis
2238 3250 2675 3314 iusiurandum
2718 3273 2836 3338 pro

623 3331 752 3396 fide
795 3355 942 3398 acce
991 3334 1042 3398 it
1081 3355 1158 3398 ac
1201 3334 1336 3398 sine
1377 3355 1638 3399 suorum
1681 3333 2135 3400 deliberatione
2175 3334 2488 3419 proditori
2537 3333 2838 3398 obvenire

623 3438 753 3481 non
754 3355 1038 3512 „dismilt
1111 3417 1199 3482 Et
1225 3418 1512 3504 proditor
1535 3416 1715 3483 dolos
1744 3417 2167 3500 dissimulans,
2212 3439 2358 3481 cum
2386 3420 2609 3503 paucis
2638 3441 2839 3505 aeque

621 3501 714 3566 ibi
758 3504 931 3566 venit
942 3502 988 3566 ⁸¹.
1072 3501 1386 3588 Datisque
1430 3501 1662 3566 osculis
1706 3503 1988 3588 excepti,
2049 3499 2464 3566 familiaribus
2507 3500 2839 3588 colloquiis

769 3662 791 3687 ¹·
1295 3667 1308 3680 ο
1405 3667 1420 3680 ο
1564 3663 1577 3676 ο

749 3663 824 3805 *¹⁸¹3
856 3665 1218 3791 {iim-:-
1240 3670 1446 3801 1¹:¹23}
1471 3665 1522 3788 22.
1554 3682 1614 3715 m
1648 3681 1920 3806 ⁷²³'5¹¹⁸3'q·11t1>.
1961 3763 2031 3775 —
2070 3738 2320 3791 amiserat
2356 3737 2483 3789 add.
2522 3737 2574 3790 2.

767 3809 818 3879 ³²)
858 3812 1197 3864 Germaniam
1238 3812 1286 3874 1,
1326 3827 1460 3864 corr.
1500 3810 1553 3862 2.
1701 3807 1779 3877 ἢ)
1817 3812 1874 3862 in
1912 3810 2117 3863 Gallias
2160 3811 2207 3872 1,
2246 3828 2383 3865 corr.
2422 3811 2473 3864 2.

737 3956 784 4008 a)
815 3968 878 4011 m,
908 3957 996 4010 uis,
1025 3957 1076 4008 it,
1109 3968 1151 4010 o,
1181 3958 1258 4008 K„
1288 3959 1395 4004 sset,
1428 3966 1550 4009 men,
1580 3957 1661 4010 idi,
1692 3967 1741 3998 se
1770 3956 1883 3998 abac.
2005 3955 2053 4010 b)
2078 3961 2180 4008 poet
2208 3957 2308 3998 add.
2400 3955 2443 4010 c)
2475 3958 2506 4010 i,
2538 3958 2647 4010 otio,
2678 3959 2695 3998 ί
2726 3958 2837 4004 abac.

619 4015 668 4069 d)
698 4017 876 4058 ibvonit
904 4026 968 4066 ας
999 4015 1188 4057 obvenit
1215 4015 1266 4057 P.

768 4151 821 4214 1)
842 4148 1134 4201 Flodoardi
1155 4151 1511 4201 narrationem
1533 4153 1718 4201 auctor
1735 4150 1791 4199 in
1809 4148 2045 4200 favorem
2062 4147 2247 4200 Karoli
2266 4150 2504 4201 mutavit.
2600 4129 2657 4216 2)
2681 4149 2839 4201 Haec

619 4238 684 4274 ex
720 4222 878 4275 Flod.
915 4223 1053 4275 Ann.
1096 4239 1144 4275 a.
1187 4221 1309 4275 922.
1459 4221 1518 4290 3)
1559 4222 1641 4275 Of.
1678 4221 1835 4274 Flod.
1874 4237 1925 4274 a.
1964 4221 2088 4272 923.
