3059 4834
511 437 596 481 942
605 465 615 477 .

388 1248 495 1292 Ἴσι.
530 1253 616 1296 19’.

414 2108 490 2164 Ῥ.
521 2113 622 2157 594.

635 257 705 305 54
1159 251 1467 304 RIOHERI
1505 251 2011 304 HISTORIARUM
2047 250 2271 302 LIBER
2309 250 2385 300 11.

637 421 992 503 addixerat,
1037 421 1120 484 ad
1158 419 1547 506 loquendum
1580 418 1929 484 obveniens
1940 429 1987 488 ⁸.
2053 418 2343 501 Quorum
2373 413 2641 481 consilio
2672 414 2917 480 multa

639 505 982 570 concordia
1023 504 1295 584 firmato,
1339 503 1732 568 amicitiamh
1776 512 1999 568 mutuo
2044 499 2519 567 conditionibus
2564 507 2911 564 statuunt.

637 591 736 653 Ac
793 589 920 653 fine
975 589 1216 674 negotii
1271 588 1461 669 factO,
1517 609 1636 651 rex
1689 587 2078 651 Laudunum
2136 585 2324 650 rediit
2344 599 2386 652 ¹.
2499 584 2655 650 Otto
2720 606 2913 648 vero

636 674 986 757 Hugonem
1028 675 1096 736 in
1136 695 1206 738 re
1253 673 1307 736 is
1427 672 1623 735 atiam
1663 671 1968 736 reducere
1999 670 2345 755 satagebat.
2414 669 2629 750 Quem
2656 665 2911 732 multis

636 758 979 822 verborum
1023 759 1215 821 stimu
1242 758 1292 820 's
1361 755 1730 820 amiliariter
1771 777 1847 819 ac
1888 755 2016 819 levi
2056 755 2268 819 furore
2324 752 2745 837 redarguenS,
2810 773 2910 816 eo

680 841 810 905 uod
864 842 1004 925 regi
1058 863 1174 905 suo
1235 841 1577 904 contrairet
1635 839 2093 924 dominumque
2136 837 2432 902 insectari
2484 858 2617 906 nan
2658 835 2907 900 formi-

638 862 837 1006 daret,
903 925 989 988 ad
1029 948 1249 1009 regem
1292 923 1500 988 redire
1546 923 1773 989 effecit.
1860 923 1947 987 Et
1992 933 2279 1008 tempore
2324 931 2659 1006 oportunO,
2732 942 2909 1004 pru-

637 1009 922 1157 dentillilm
965 1007 1394 1095 legationibus
1437 1008 1785 1094 premissis,
1835 1007 1972 1090 regi
2030 1005 2261 1070 ducem
2318 1003 2570 1070 reducit
2622 1005 2906 1090 sibique

639 1094 822 1157 conci
851 1096 954 1157 ‘at.

750 1233 850 1297 30.
920 1232 1331 1316 *Principum
1375 1230 1549 1316 apud
1592 1251 1806 1314 regem
1854 1239 2199 1294 conventus
2243 1250 2319 1291 ac
2364 1225 2652 1292 Wilelmi
2694 1227 2771 1290 in

1226 1327 1486 1379 eorum⁰
1534 1314 1826 1378 contione
1873 1310 2299 1376 tumultuatio.

806 1424 993 1487 Duce
1015 1436 1037 1469 ²
1098 1446 1252 1508 ergo
1313 1425 1379 1487 in
1433 1424 1772 1508 pristinam
1825 1421 2097 1506 gratiam
2156 1430 2476 1501 revocato,
2534 1441 2682 1482 cum
2741 1422 2896 1505 ipse

639 1509 874 1573 virtute
920 1518 983 1572 et
1028 1509 1232 1592 copiis
1277 1506 1700 1587 antecelleret,
1744 1505 1853 1568 alii
1905 1515 2363 1590 consequenter
2413 1503 2665 1567 reducti
2709 1513 2895 1569 sunt.

642 1591 959 1656 Omnibus
1005 1591 1220 1675 itaque
1265 1590 1348 1653 ad
1390 1612 1612 1674 regem
1664 1589 1953 1667 reversis,
2012 1590 2080 1651 in
2136 1589 2298 1653 fisco
2352 1589 2528 1672 regio
2572 1588 2895 1652 Atiniaco

639 1673 1082 1758 principibusd
1127 1673 1208 1737 ab
1253 1696 1404 1758 rege
1447 1684 1596 1759 post
1639 1673 1773 1737 dies
1802 1673 2062 1756 triginta
2092 1671 2478 1757 colloquium
2506 1670 2893 1736 habendum

639 1756 959 1821 indicitur.
1045 1757 1134 1820 Et
1177 1757 1280 1821 die
1328 1759 1673 1822 constituta
1714 1780 1830 1820 rex
1872 1756 1963 1822 ibi
2008 1777 2156 1820 cum
2185 1756 2665 1842 provinciarum
2704 1757 2892 1840 prin-

641 1843 701 1905 ci
750 1841 894 1906 ibus
924 1841 1120 1924 affuit,
1161 1841 1478 1924 Hugone⁶
1508 1839 1839 1907 videlicetf
1865 1851 2285 1924 cognomento
2314 1840 2573 1923 MagnO,
2602 1838 2888 1903 Amulfo

637 1864 1036 1988 Miirinorum
1049 1937 1095 2007 ἕ,
1121 1925 1420 1990 Wilelmo
1450 1926 1800 2011 piratarum
1830 1924 2103 1989 ducibus
2132 1946 2208 1988 ac
2228 1922 2570 1988 Heriberto
2602 1926 2888 1988 tiranno.

639 2008 774 2074 Nec
819 2008 1021 2074 defuit
1066 2009 1388 2075 Saxoniae
1432 2031 1552 2073 rex
1597 2009 1770 2075 Otto.
1856 2009 2225 2072 Ludovicus
2267 2031 2384 2072 rex
2430 2028 2577 2070 cum
2620 2008 2689 2069 in
2726 2029 2887 2072 con-

647 2092 811 2158 clavi
869 2116 1008 2158 sese
1085 2115 1232 2158 cum
1293 2093 1530 2159 Ottone
1596 2116 1747 2179 rege
1806 2095 1927 2157 ach
1986 2091 2419 2176 *principibus
2475 2113 2620 2154 rece
2671 2092 2836 2156 isset
2851 2092 2887 2173 ἱ,

644 2175 906 2242 consilio
952 2178 1307 2242 incertumk
1350 2200 1434 2241 an
1476 2176 1759 2259 fortuitu,
1804 2175 1974 2240 solus
2004 2175 2343 2241 Wilelmus
2388 2175 2524 2239 dux
2554 2196 2594 2237 a
2641 2176 2885 2239 missus
2968 2193 2979 2200 ”

640 2283 770 2325 non
814 2271 926 2326 est.
1014 2261 1286 2326 Diucius
1333 2283 1484 2347 ergo
1528 2261 1743 2325 afforis
1788 2270 2190 2344 exspecta-nsi,
2250 2281 2398 2322 cum
2441 2281 2573 2322 non
2614 2279 2886 2323 vocare·

639 2355 759 2427 tur,
801 2367 938 2408 rem
981 2347 1193 2410 animo
1238 2347 1398 2410 irato
1429 2344 1693 2410 ferebat.
1759 2344 2047 2408 Tandem
2078 2346 2145 2407 in
2174 2346 2335 2407 iram
2363 2365 2607 2424 versuS,
2652 2353 2887 2428 utpote

639 2451 835 2493 manu
880 2440 942 2493 et
984 2429 1243 2493 audatia
1271 2431 1526 2512 nimiuS,
1571 2429 1813 2494 foribus
1845 2428 2075 2492 clausis
2104 2429 2237 2492 vim
2277 2426 2489 2491 intulit
2528 2448 2606 2490 ac
2645 2437 2884 2492 retror-

640 2535 785 2577 sum
827 2513 1304 2577 vibrabundus¹
1347 2512 1583 2598 adegit.
1647 2513 2109 2597 Ingressusque
2164 2510 2415 2593 lectum,
2463 2512 2885 2595 conspicatur

636 2597 1128 2680 gestatoriumm.
1193 2598 1272 2659 In
1316 2618 1442 2681 quo
1476 2597 1667 2658 etiam
1712 2617 1751 2658 a
1792 2607 1973 2680 parte
2018 2593 2347 2660 cervIcalis
2380 2594 2534 2660 Otto
2582 2596 2875 2678 editiore,

634 2702 755 2743 rex
795 2701 947 2743 vero
991 2680 1058 2741 in
1101 2690 1282 2764 parte
1327 2688 1617 2744 extrema
1658 2678 1957 2742 humilior
2012 2678 2347 2744 residebat.
2431 2679 2551 2741 In¹¹
2599 2700 2880 2764 quorum

635 2772 982 2847 prospectu
1021 2762 1220 2847 Hugo
1265 2774 1328 2827 et
1355 2761 1663 2826 Arnulfus
1709 2761 1957 2827 duabus
1999 2763 2346 2827 residentes
2390 2761 2579 2844 selliS,
2626 2763 2883 2826 consilii

637 2846 925 2910 ordinem
955 2846 1434 2930 exspectabant.
1501 2844 1840 2910 Wilelmus
1885 2847 2055 2932 regis
2099 2847 2395 2910 iniuriam
2436 2867 2567 2910 non
2613 2867 2881 2932 passus:

637 2927 798 3012 ‘An',
843 2930 1068 3014 inquit,
1128 2930 1245 2993 ‘his
1287 2932 1593 2994 interesse
1651 2951 1780 2993 non
1836 2929 2081 2994 debui?
2143 2931 2627 2994 Desertorisne⁰
2685 2929 2882 2994 dede-

638 3035 783 3077 core
828 3011 1171 3099 aliquando
1215 3013 1497 3077 sordui’?
1568 3014 2005 3099 Fervidusque
2060 3014 2529 3099 propinquans:
2604 3013 2757 3078 ‘Sur
2808 3018 2878 3097 e',

634 3097 861 3181 inquit,
927 3096 1296 3182 ‘paululum,
1341 3097 1508 3161 rex'!
1599 3098 1745 3178 Quo
1810 3119 1964 3162 mox
2028 3106 2345 3182 surgente,
2409 3097 2549 3182 ipse
2614 3120 2755 3162 rese
2809 3100 2877 3162 it.

635 3179 971 3265 Dixitque,
1017 3180 1319 3245 indecens
1357 3204 1516 3263 esse,
1559 3204 1777 3268 regem
1809 3181 2191 3264 inferiorem,
2237 3179 2431 3244 alium
2460 3203 2614 3246 vero
2649 3204 2871 3267 quem-

634 3263 793 3328 libet
836 3265 1230 3350 superiorem
1288 3265 1526 3348 videri3
1641 3275 1987 3352 uapropter
2030 3274 2322 3350 oportere
2368 3263 2672 3329 Ottonem
2722 3265 2877 3330 inde

633 3347 884 3413 amoliri
926 3350 1189 3435 regique
1235 3350 1478 3414 cedere.
1590 3289 1743 3414 gtto
1836 3349 2035 3413 udore
2078 3349 2341 3413 affectus
2384 3350 2586 3434 surgit
2628 3370 2705 3412 ac
2735 3352 2876 3436 regi

634 3433 822 3498 cedit.
895 3434 1038 3498 Rex
1067 3434 1282 3520 itaque
1314 3434 1621 3519 superior,
1665 3441 1734 3497 at
1848 3431 2099 3496 ilelmus
2128 3432 2388 3496 inferior
2424 3435 2873 3498 consederunt.

751 3631 797 3684 a)
842 3633 946 3674 adv.
993 3635 1034 3674 1.
1154 3630 1204 3684 b)
1237 3633 1492 3674 amiticiam
1526 3634 1581 3672 1.,
1689 3631 1731 3684 c)
1758 3638 1859 3684 post
1900 3633 2000 3676 add.
2121 3632 2167 3684 d)
2211 3633 2317 3674 hab.
2352 3644 2391 3674 c.
2418 3645 2489 3683 pr·
2531 3634 2589 3673 ab
2622 3645 2660 3676 r.
2691 3634 2790 3675 ind.
2828 3636 2869 3674 1.

634 3689 676 3742 e)
699 3689 814 3733 Arn.
835 3692 1016 3732 scribere
1037 3696 1244 3741 coeptum.
1351 3689 1387 3742 f)
1419 3692 1475 3732 de
1505 3691 1661 3731 Gallia
1684 3693 1783 3732 add.
1814 3695 1853 3732 1.
1945 3690 1991 3742 g)
2024 3692 2103 3741 qui
2128 3693 2305 3732 deletum
2331 3693 2513 3734 videtur.
2620 3691 2667 3743 h)
2696 3703 2803 3732 cum
2829 3693 2868 3732 1.

632 3748 669 3801 i)
701 3761 804 3792 seue
836 3762 873 3792 r.
909 3753 948 3790 1.
1068 3748 1118 3801 k)
1151 3760 1194 3790 a.
1229 3751 1251 3789 f
1261 3777 1444 3792 .......
1477 3748 1690 3804 (deletum)
1725 3753 1765 3794 1.
1882 3747 1917 3800 1)
1946 3751 2153 3792 fervidus
2186 3753 2227 3792 1.
2365 3749 2430 3803 m)
2463 3761 2507 3800 g.
2541 3751 2869 3801 pulvinaribus

633 3819 688 3849 ac
720 3811 885 3852 ceteris
918 3809 1192 3850 necessariis
1224 3812 1419 3848 stratum
1466 3809 1565 3849 add.
1602 3811 1641 3848 1.
1792 3808 1841 3861 n)
1875 3810 2011 3860 nugo
2042 3821 2153 3851 vero
2194 3812 2242 3850 et
2270 3809 2496 3850 Arnulfus
2539 3812 2591 3850 in
2622 3821 2785 3852 eorum
2818 3820 2871 3859 p.

634 3869 812 3910 duabus
847 3870 886 3908 1.
1011 3865 1056 3918 o)
1089 3867 1164 3906 An
1196 3867 1538 3916 desertorisque
1573 3870 1613 3907 1.

784 4012 836 4074 1)
875 4009 1031 4061 Haec
1057 4011 1335 4061 Richerus.
1489 4007 1548 4076 2)
1590 4011 1675 4060 De
1714 4011 1797 4062 his
1835 4011 1970 4061 nihil
2009 4011 2152 4077 apud
2175 4010 2569 4073 Flodoardum3
2611 4011 2865 4062 Ottonem

633 4097 816 4148 regem
855 4083 958 4134 hoc
995 4089 1234 4150 tempore
1274 4085 1328 4133 in
1366 4082 1488 4134 loco
1527 4099 1689 4150 super
1712 4083 1920 4134 Mosam
1949 4085 2040 4150 qui
2067 4084 2265 4136 dicitur
2291 4085 2573 4149 Veusegus
2594 4081 2799 4150 (Voyse
2814 4082 2864 4148 ἲ)

636 4170 755 4206 cum
794 4155 1073 4208 Ludovico
1127 4157 1460 4217 convenisse,
1509 4156 1675 4208 tradit
1712 4157 1893 4220 Dudo‚
1933 4158 2031 4210 SS.
2067 4158 2160 4221 lv,
2212 4175 2265 4224 p.
2306 4157 2393 4209 96.
2465 4156 2547 4208 cf.
2586 4155 2865 4207 Diimmler

633 4245 686 4295 p.
732 4227 834 4276 128
873 4245 955 4292 n.;
993 4247 1045 4282 v.
1084 4229 1421 4294 Kalckstein,
1461 4231 1657 4282 Franz.
1695 4230 2024 4297 Konigthum
2063 4248 2117 4298 p.
2158 4231 2263 4282 235
2304 4247 2385 4296 sq.
