3059 4834
709 239 1016 290 RIOHERI
1053 239 1554 291 HISTORIARUM
1591 240 1811 291 LIBER
1849 242 1980 293 IIII.
2362 244 2493 319 133·

243 404 512 489 nalibUS,
561 406 891 471 clarissimi
920 408 1169 491 generis
1198 408 1725 493 imperatoribusa
1755 408 2011 493 ignavia
2040 409 2121 475 ab
2152 408 2459 495 dignitate
2482 426 2579 469 98⁷·

237 492 664 576 precipitatis,
732 490 888 555 alios
942 490 1132 555 modo
1187 512 1406 576 pares,
1470 492 1659 555 modo
1728 492 2004 578 impares
2062 495 2457 559 successisse.

242 574 372 639 Sed
432 576 588 663 quid
646 575 910 659 dignum
965 574 1204 639 Karolo
1265 576 1534 639 conferri
1585 585 1813 661 potest,
1871 599 2058 674 quem
2114 576 2273 641 fides
2331 600 2460 642 non

238 682 308 721 re
356 660 422 741 it,
466 670 685 745 torpor
714 667 989 742 enervat,
1033 670 1355 744 postremo
1401 660 1510 745 qui
1544 668 1721 725 tanta
1751 662 1979 745 capltis
2021 661 2461 727 imminutione

235 680 477 827 heffiuit,
522 753 594 807 ut
637 752 896 808 externo
940 744 1076 827 regi
1121 744 1356 807 servire
1398 765 1527 807 non
1566 742 1916 809 horrueritl
1966 755 2027 809 et
2068 767 2332 809 uxorem
2379 746 2459 810 de

235 826 497 891 militari
542 827 758 891 ordine
801 826 924 891 sibi
966 827 1274 912 imparem
1305 828 1715 893 duxeritb·²?
1780 828 2118 908 Quomodo
2150 850 2298 913 ergo
2329 852 2459 893 ma-

331 934 406 975 us
437 911 568 975 dux
593 912 886 997 patietur,
918 911 996 975 de
1020 911 1150 974 suis
1175 909 1481 976 militibus
1503 912 1805 975 feminam
1827 922 2141 997 sumptam
2171 914 2459 996 reginam

291 998 382 1061 eri
424 993 674 1081 sibique
704 994 1061 1057 dominari?
1147 995 1483 1075 Quomodo
1515 996 1711 1081 capiti
1754 1018 1870 1060 suo
1952 1006 2232 1081 reponet,
2278 997 2459 1060 cuius

238 1100 427 1165 pares
471 1088 534 1142 et
577 1079 768 1143 etiam
797 1078 1067 1142 maiores
1110 1078 1232 1142 sibi
1275 1100 1486 1163 genua
1514 1078 1774 1143 flectunt
1810 1102 1892 1165 pe
1938 1079 2206 1166 ibusque
2236 1103 2461 1145 manus

241 1162 652 1249 supponunt?
751 1161 1162 1227 Considerate
1221 1185 1355 1227 rem
1421 1162 1782 1247 diligenter,
1852 1172 1915 1227 et
1971 1162 2281 1227 Karolum
2321 1186 2461 1227 'sua

239 1248 447 1332 magis
495 1246 682 1332 culpa
723 1247 1174 1331 precipitatum
1220 1269 1409 1333 quam
1454 1246 1661 1310 aliena
1687 1247 1917 1313 videte.
2005 1249 2124 1311 Rei
2164 1247 2459 1333 publicae

239 1330 697 1397 beatitudinem
752 1333 954 1415 magis
1015 1353 1204 1416 quam
1266 1330 1684 1395 calamitatem
1742 1340 1972 1416 optate.
2062 1331 2130 1396 Si
2184 1352 2324 1395 eam
2369 1332 2459 1394 in-

238 1414 486 1479 felicem
516 1414 653 1477 fieri
682 1413 893 1495 vultiS,
925 1413 1234 1478 Karolum
1263 1425 1649 1499 promovete.
1738 1416 1809 1479 Si
1837 1414 2239 1497 fortunatam,
2284 1438 2459 1500 egre-

239 1501 415 1583 gium
459 1497 684 1562 ducem
715 1498 1060 1645 Hugonem
1103 1500 1168 1561 in
1211 1522 1477 1583 regnum
1509 1510 1823 1563 coronate.
1911 1499 2008 1563 Ne
2054 1521 2205 1583 ergo
2235 1498 2458 1584 Karoli

241 1605 418 1646 amor
504 1604 778 1667 uemque
825 1584 838 1597 ⁸
866 1580 1055 1663 liciat,
1099 1605 1217 1645 nec
1265 1584 1479 1646 odium
1509 1584 1690 1646 ducis
1720 1583 1801 1647 ab
1839 1582 2106 1647 utilitate
2137 1584 2460 1647 communi

242 1605 586 1754 quemlibet
641 1667 960 1730 amoveat!
1061 1665 1227 1729 Nam
1285 1668 1337 1729 si
1394 1667 1635 1731 bonum
1692 1668 2082 1752 vituperetiS,
2139 1668 2457 1753 quomodo

237 1751 476 1814 malum
505 1749 889 1814 laudabitis?
977 1748 1046 1813 Si
1076 1748 1312 1813 malum
1354 1750 1646 1832 laudetis,
1694 1750 2011 1836 quomodo
2041 1752 2280 1816 bonum
2312 1773 2457 1815 con-

239 1834 620 1920 tempnetis?
719 1833 848 1898 Sed
903 1832 1136 1897 talibus
1191 1834 1345 1919 quid
1401 1836 1841 1898 interminatur
1898 1836 2039 1919 ipsa
2090 1835 2457 1899 Divinitas?

241 1919 472 2000 “Vae'',
527 1919 751 2005 inquit,
810 1918 962 2003 “qui
1014 1915 1226 1981 dicitis
1282 1916 1518 1981 malum
1576 1915 1845 1997 bonum,
1902 1916 2139 1981 bonum
2200 1916 2454 2001 malum,
2474 1939 2564 1979 10⁸.
2592 1938 2634 1993 5,
2662 1940 2732 1982 20.

233 2012 541 2087 ponentes
594 2001 804 2067 lucem
856 2000 1150 2065 tenebras
1167 2050 1183 2083 ,
1243 2011 1306 2065 et
1361 1999 1652 2065 tenebras
1709 1998 1972 2065 lucem‘'.
2074 2000 2455 2066 Promovete

231 2088 432 2172 igitur
458 2087 640 2152 vobis
670 2085 916 2167 ducem,
961 2096 1126 2166 actu,
1155 2082 1500 2166 nobilitate,
1548 2085 1750 2169 copiis
1781 2082 2219 2166 clarissimum,
2266 2106 2454 2169 quem

231 2192 360 2235 non
405 2170 608 2235 solum
660 2170 752 2235 rei
809 2167 1124 2254 publicae,
1180 2168 1292 2233 sed
1344 2177 1406 2233 et
1461 2168 1856 2253 privatarum
1897 2172 2127 2231 ‘rerum
2181 2177 2451 2234 tutorem

229 2256 584 2320 invenietis.
667 2255 821 2340 Ipsa
881 2254 1017 2317 eius
1073 2249 1504 2317 benivolentia
1560 2250 1832 2333 favente,
1892 2274 2036 2315 eum
2090 2273 2207 2337 pro
2270 2262 2453 2337 patre

229 2338 564 2405 habebitis.
654 2338 813 2419 Quis
859 2338 1028 2401 enim
1072 2336 1155 2399 ad
1199 2358 1344 2399 eum
1399 2335 1684 2420 confugit
1737 2346 1800 2399 et
1845 2336 2268 2420 patrocinium
2320 2358 2452 2399 non

231 2424 522 2488 invenit?
637 2423 796 2503 Quis
855 2443 1112 2485 suorum
1177 2419 1431 2484 auxiliis
1489 2420 1864 2501 destitutuS,
1930 2441 2047 2502 per
2110 2442 2255 2485 eum
2319 2420 2451 2483 suis

232 2530 360 2571 non
399 2508 722 2572 restitutus
771 2504 905 2569 fuit'
917 2505 950 2568 ἱ)

703 2628 800 2691 12.
887 2626 1210 2690 Promotio
1254 2624 1551 2709 Hugonis
1594 2626 1662 2687 in
1703 2646 1987 2708 regnum.
2074 2658 2080 2664 ,

395 2730 540 2795 Hac
600 2730 909 2794 sententia
949 2726 1351 2815 promulgata
1393 2737 1456 2792 et
1508 2728 1589 2791 ab
1636 2726 1927 2791 omnibus
1982 2723 2256 2807 laudata,
2317 2725 2451 2789 dux

230 2816 515 2878 omnium
569 2835 881 2879 consensu
920 2814 986 2877 in
1029 2834 1297 2897 regnum
1341 2821 1770 2897 promovetur,
1829 2819 1911 2874 et.
1932 2832 2049 2895 per
2090 2818 2292 2873 metro
2342 2808 2449 2873 oli-

227 2908 448 2962 tanum
493 2896 772 2984 aliosque
829 2900 1166 2983 episcopos
1209 2896 1508 2961 Noviomi
1566 2903 1930 2977 coronatUS,
1994 2893 2224 2976 Gallis,
2345 2894 2453 2958 rit-
2552 2888 2565 2905 ’

225 2984 471 3062 tannis,
539 2982 808 3063 Dahis-³,
867 2981 1238 3068 AquitaniS,
1299 2980 1554 3062 Gothis,
1612 2979 1938 3065 HispaniS,
1995 2978 2446 3061 VVasconibus,

224 3079 382 3131 rex⁰
445 3065 591 3130 Kal.
617 3068 645 3107 ‘¹
706 3066 846 3130 Iun.
867 3075 892 3109 4
963 3074 1355 3151 prerogatur.
1465 3064 1753 3149 Stipatus
1823 3065 2035 3147 itaque
2106 3083 2448 3147 regnorum

269 3148 620 3236 rincipibus
643 3198 661 3232 ,
744 3171 919 3213 more
995 3150 1174 3233 regio
1245 3148 1537 3213 decretae
1610 3147 1759 3211 fecit
1780 3146 1802 3189 f
1865 3146 2163 3232 legesque
2236 3145 2448 3209 condi-

223 3173 350 3315 dit3
402 3234 571 3299 felici
627 3255 925 3297 successu
979 3234 1191 3296 omnia
1255 3232 1552 3296 ordinans
1616 3241 1806 3316 atque
1864 3229 2262 3294 distribuens
2361 3228 2449 3293 Et

179 3320 185 3327 ’
223 3330 294 3383 ut
334 3318 714 3383 beatitudini
758 3338 906 3380 suae
933 3316 1373 3401 responderet,
1426 3312 1625 3378 multo
1691 3333 1986 3377 successu
2040 3333 2250 3375 rerum
2270 3323 2298 3365 8
2355 3334 2447 3375 se-

226 3404 576 3466 cundarum
617 3401 880 3483 levatUS,
925 3399 1007 3463 ad
1035 3398 1298 3464 multam
1327 3400 1630 3484 pietatem
1657 3395 1943 3460 intendit.
2015 3395 2229 3481 thue
2245 3396 2274 3437 ¹¹
2303 3403 2450 3479 post

344 3564 389 3609 a),
419 3566 719 3615 imperatores
753 3586 805 3594 —
835 3564 1134 3613 precipitatos
1166 3562 1207 3603 1.
1355 3557 1404 3612 b)
1436 3561 1484 3599 in
1514 3570 1650 3609 marg.
1681 3558 1883 3607 scriptum
1912 3558 2002 3595 alia
2033 3568 2167 3596 manu
2198 3558 2309 3598 deus
2342 3566 2447 3607 pro-

223 3626 364 3675 pitius
396 3628 510 3665 estc.
631 3621 671 3675 o)
701 3623 758 3663 ab
789 3622 998 3663 omnibus
1029 3622 1127 3662 aad.
1160 3623 1202 3660 1.
1331 3617 1377 3670 d)
1410 3619 1514 3673 ⁸Kal.
1546 3619 1650 3659 Iun.
1682 3618 1729 3657 in
1760 3618 1849 3656 loco
1880 3626 2015 3655 vacuo
2044 3617 2188 3656 relicto
2215 3622 2313 3667 post
2343 3616 2445 3657 add.

225 3682 268 3735 e)
301 3684 512 3724 decretra
540 3694 654 3725 corr.
689 3683 887 3722 decreta.
1002 3679 1037 3732 f)
1069 3680 1194 3721 dedit
1219 3680 1260 3719 1.
1382 3675 1428 3730 g)
1456 3682 1574 3728 poet.
1606 3677 1702 3717 add.
1825 3672 1873 3725 h)
1906 3676 1993 3715 alio
2018 3676 2159 3725 peryit
2188 3679 2445 3716 atramento.

377 3794 432 3862 1)
470 3798 736 3847 Ducatum
773 3795 1035 3847 inferioris
1081 3794 1460 3857 Lotharingiae
1507 3808 1541 3841 a
1587 3806 1715 3856 rege
1764 3789 2093 3848 Theutonico
2144 3792 2444 3854 acceperat.

225 3870 284 3935 2)
323 3870 470 3921 Uxor
509 3871 702 3921 dicitur
739 3868 850 3919 filia
890 3870 1098 3919 comitis
1135 3868 1434 3918 TrecensiS.
1604 3866 1657 3930 3)
1697 3866 1734 3915 i.
1775 3879 1822 3914 e.
1860 3863 2049 3923 Danis,
2087 3861 2443 3920 Nortmannis.

223 3944 281 4007 4)
336 3945 420 3994 De
471 3944 574 3994 hac
624 3944 729 3994 diei
791 3948 918 3993 nota
973 3946 1094 4008 post
1141 3940 1326 3991 addita
1379 3938 1609 3989 dubitari
1660 3940 1863 4003 potest3
1900 3935 2030 3984 alibi
2070 3934 2185 3985 dies
2223 3934 2277 3983 3.
2316 3932 2444 3983 Iulii

222 4016 526 4081 indicatum
572 4017 638 4067 cf.
680 4016 1030 4068 Giesebrecht
1064 4014 1102 4065 l.
1144 4030 1192 4064 c.
1231 4031 1284 4080 p.
1323 4011 1447 4064 848.
1497 4039 1567 4051 -
1622 4010 1816 4063 oneris
1866 4026 1919 4075 p.
1958 4007 2081 4059 532.
2134 4012 2187 4057 et
2234 4007 2443 4057 Mourin

221 4108 279 4155 p.
305 4091 431 4141 349.
471 4091 574 4141 hoc
610 4089 731 4141 loco
757 4090 878 4140 Kal.
907 4088 1010 4139 Iul.
1045 4088 1333 4153 legendum
1373 4100 1488 4137 esse
1530 4088 1713 4135 contra
1750 4081 1909 4133 fidem
1950 4080 2151 4131 codicis
2190 4084 2442 4131 statuunt.

225 4163 285 4213 Si
337 4180 464 4215 vero
515 4163 831 4213 Laudunum
883 4162 986 4213 hoc
1026 4177 1163 4211 anno
1205 4166 1414 4227 captum
1456 4164 1509 4209 et
1546 4157 1614 4207 ab
1653 4157 1882 4221 Hugone
1920 4158 2125 4205 aestate
2165 4153 2441 4205 obsessum

223 4242 425 4288 statuas
465 4235 622 4304 (infra
659 4254 712 4303 p.
759 4236 860 4286 137
897 4252 949 4286 n.
995 4234 1083 4303 1),
1124 4238 1268 4285 certe
1299 4231 1420 4284 Kal.
1458 4232 1603 4283 Iunii
1638 4228 2017 4297 praeferendae
2056 4233 2193 4279 sunt.
