3059 4834
485 401 585 444 98⁷.

364 2381 477 2428 ‘fot
497 2385 585 2427 44¹.

604 209 705 258 136
1068 205 1371 258 RICHERI
1409 204 1910 258 HISTORIARUM
1943 203 2164 255 LIBER
2200 203 2334 255 1111.

603 374 909 474 implevit.
991 374 1220 438 Portae
1277 374 1484 454 etiam,
1526 394 1608 436 ne
1653 372 1794 457 quis
1835 371 2162 456 aufugeret
2223 371 2590 436 custodibus
2633 370 2830 435 adhi-

603 458 753 524 bitis
808 478 1111 544 pervasae
1166 465 1325 520 sunt.
1410 455 1542 520 Alii
1555 467 1582 497 ¹³
1622 457 1836 542 itaque
1877 419 2304 541 personabant
2344 453 2612 537 bucinis,
2653 454 2770 518 alii
2787 457 2822 498 b

602 541 867 608 vocibus
894 540 1261 622 fremebant,
1292 539 1401 603 alii
1427 561 1749 603 armorum
1777 541 1986 604 sonitu
2012 537 2571 604 tumultuabantur.
2620 538 2829 602 Unde

606 627 778 691 cives
820 626 1039 707 territi,
1082 634 1299 709 utpote
1345 625 1454 708 qui
1494 621 1872 709 ignorabant
1901 621 2053 708 quid
2081 632 2264 703 esset,
2307 630 2370 686 et
2398 620 2478 686 de
2511 621 2831 686 domibus

603 707 989 790 ebullientes,
1051 708 1342 793 profugio
1402 729 1468 771 se
1527 707 1770 793 eripere
1830 705 2239 771 conabantur.
2347 706 2639 785 Quorum
2706 706 2825 769 alii

605 792 1051 859 aecclesiarum
1096 792 1354 856 secretis
1398 813 1465 854 se
1510 789 1925 872 occultabant,
1971 789 2078 854 alii
2121 789 2388 853 diversis
2417 788 2702 854 latibulis
2749 813 2822 856 se

605 875 1007 958 claudebant,
1036 874 1143 939 alii
1172 897 1321 939 vero
1352 873 1515 938 saltu
1545 896 1612 938 se
1641 873 1719 939 de
1749 874 1946 937 muris
1974 872 2459 959 precipitabant.
2521 873 2822 954 Quorum

602 983 764 1026 unus
806 962 1020 1045 episco
1068 981 1145 1022 us
1156 971 1199 1040 0,
1243 980 1391 1021 cum
1431 980 1548 1043 per
1589 956 1858 1022 declivia
1897 958 2127 1021 montis
2168 959 2296 1020 iam
2340 955 2592 1040 elapsus
2635 968 2703 1021 et
2749 958 2826 1021 in

601 1045 803 1110 vineis
846 1045 927 1108 ab
972 1064 1008 1107 o
1056 1039 1481 1106 servatoribus
1524 1050 1812 1126 repertus
1856 1051 2038 1123 esset,
2081 1039 2319 1104 Karolo
2358 1039 2676 1106 deductus
2725 1053 2832 1106 est
2915 1057 2918 1062 ·

605 1138 668 1192 et
709 1128 790 1192 ab
836 1149 910 1192 eo
955 1148 1206 1191 carcere
1249 1125 1557 1189 detrusus.
1641 1125 1936 1189 Emmam
1982 1146 2234 1210 quoque
2273 1126 2582 1222 reginam,
2636 1126 2826 1189 cuius

602 1213 906 1276 instinctu
949 1233 1088 1275 sese
1128 1232 1198 1274 re
1244 1208 1451 1273 ulsum
1495 1231 1535 1271 a
1575 1208 1764 1273 fratre
1800 1207 2240 1289 arbitrabatur,
2281 1207 2374 1272 ib1
2401 1209 2828 1295 comprehen-

603 1296 697 1360 dit
749 1297 931 1380 eique
987 1302 1165 1359 custo
1212 1315 1279 1356 es
1334 1293 1640 1358 adhibuit.
1746 1291 2078 1377 Reliquam
2137 1293 2326 1356 etiam
2371 1291 2550 1355 urbis
2594 1293 2826 1358 nobili-

602 1388 795 1444 tatem
836 1401 999 1478 pene
1038 1387 1237 1442 totam
1287 1377 1582 1462 pervasit.
1683 1376 1840 1462 (17.)
1924 1377 2271 1461 Postquam
2313 1375 2548 1440 sedatis
2591 1375 2826 1440 tumul-

606 1463 775 1528 tibus
805 1464 1029 1526 c1vitas
1056 1471 1197 1525 tran
1245 1459 1397 1523 uilla
1424 1460 1673 1524 reddita
1703 1469 1815 1541 est,
1844 1458 2119 1523 Karolus
2149 1459 2228 1522 de
2257 1460 2432 1524 urbis
2461 1461 2828 1524 munitione

606 1556 669 1610 et
709 1545 978 1609 militum
1018 1546 1194 1609 victu
1264 1542 1568 1609 eliberare
1595 1551 1784 1628 atque
1815 1544 2102 1607 ordinare
2132 1545 2357 1629 coepit.
2422 1543 2828 1629 Deputavit·i

606 1651 673 1693 er
722 1650 757 1692 o
814 1627 1037 1712 vigiles
1133 1629 1548 1711 uingentenos
1564 1675 1580 1708 ,
1636 1627 1744 1711 qui
1800 1624 2089 1690 noctibus
2133 1625 2394 1712 singulis
2437 1629 2660 1690 armati
2705 1650 2822 1691 ex-

608 1651 825 1774 cubias
868 1733 983 1797 per
1022 1734 1100 1774 ur
1148 1733 1247 1774 em
1290 1719 1353 1773 et
1394 1713 1645 1774 moenia
1687 1719 2070 1774 exercerent.
2141 1711 2480 1774 Annonam
2511 1712 2697 1776 etiam
2727 1734 2824 1776 ex

605 1803 735 1860 toto
790 1816 957 1880 pago
1010 1792 1512 1859 Veromandensi
1575 1793 1802 1858 advehi
1864 1795 2064 1858 iussit.
2169 1793 2256 1857 Et
2309 1795 2401 1857 sic
2465 1795 2690 1859 urbem
2735 1797 2824 1860 ad

604 1879 1024 1944 resistendum
1067 1877 1352 1944 munivit.
1429 1878 1594 1941 Nam
1635 1877 1876 1960 turrim,
1923 1900 2086 1963 quae
2129 1877 2335 1941 adhuc
2377 1880 2572 1943 muris
2614 1877 2831 1944 humi-

605 1963 769 2028 libus
810 1961 1153 2047 perstabat,
1195 1962 1407 2046 pinnis
1451 1962 1871 2027 eminentibus
1901 1962 2215 2025 exstruxit
2255 1961 2567 2048 fossisque
2597 1973 2826 2048 paten-

604 2047 774 2111 tibus
819 2048 1311 2144 circumquaque
1353 2044 1628 2110 vallavit.
1691 2044 2019 2108 Machinas
2047 2046 2238 2109 etiam
2266 2044 2556 2110 hostibus
2585 2047 2831 2112 effecit.

606 2131 870 2195 Necnon
928 2140 989 2195 et
1047 2128 1257 2215 hgnae
1314 2130 1760 2212 advectantur,
1816 2129 2123 2192 machinis
2177 2129 2521 2193 educendis
2565 2131 2823 2196 idonea.

605 2213 773 2278 Valli
806 2235 1055 2300 quoque
1085 2222 1479 2277 exacuuntur
1493 2213 1527 2294 f,
1573 2223 1773 2278 crates
1820 2235 1899 2276 ue
1940 2220 2376 2277 contexuntur.
2441 2213 2577 2278 Nec
2605 2216 2828 2280 minus

605 2298 767 2363 fabri
812 2297 1275 2378 accersiuntur,
1334 2298 1443 2382 qui
1494 2295 1757 2360 missilia
1824 2297 2107 2361 abricent
2149 2317 2224 2358 ac
2269 2318 2557 2384 quaeque
2600 2321 2817 2363 neces·

607 2382 771 2446 saria
812 2381 977 2445 ferro
1021 2381 1387 2445 instaurent.
1450 2379 1585 2443 Nec
1615 2380 1869 2444 defuere
1902 2381 2009 2466 qui
2039 2390 2213 2443 tanta
2242 2379 2605 2445 subtilitatis
2640 2387 2818 2447 *arte

604 2465 861 2531 balistas
930 2467 1249 2546 emittant,
1306 2472 1377 2527 ut
1433 2464 1808 2549 apothecam
1867 2465 1934 2527 in
1987 2474 2160 2528 recta
2214 2463 2520 2528 diametro
2575 2465 2820 2552 duplici

604 2549 907 2614 foramine
951 2557 1270 2635 patentem
1314 2556 1485 2613 certo
1529 2549 1699 2612 iactu
1739 2548 2058 2630 traiciant3
2103 2569 2251 2610 aves
2295 2569 2418 2632 quo
2465 2572 2546 2613 ue
2574 2549 2644 2612 in
2669 2573 2830 2614 aere

605 2632 888 2697 volantes
930 2631 1283 2696 indubitato
1324 2633 1459 2696 ictu
1501 2631 1879 2716 impeterent
1927 2630 2394 2717 transfixasque
2481 2656 2514 2697 e
2562 2632 2822 2698 sublimi

602 2717 1071 2802 precipitarent.

1026 2835 1118 2899 18.
1205 2835 1537 2919 Impetus&
1578 2834 1875 2919 Hugonis
1917 2837 2026 2898 ing
2067 2833 2395 2898 Karolum.

774 2936 953 3016 Quae
1012 2934 1166 2998 dum
1220 2943 1495 3018 aguntur
1552 2956 1776 3018 regum
1799 2949 1816 2982 ¹
1879 2935 2136 3000 auribus
2182 2935 2390 3000 delata
2434 2947 2597 3002 sunt.
2687 2938 2824 3020 Qui

606 3018 1152 3084 vehementissime
1194 3020 1368 3099 moti,
1412 3040 1540 3082 non
1581 3027 1793 3082 tamen
1837 3019 2130 3117 precipiti
2157 3021 2419 3105 impetn,
2466 3020 2597 3103 sed,
2642 3031 2720 3086 ut
2753 3024 2826 3087 in

608 3102 897 3167 omnibus
956 3101 1271 3179 solebant,
1332 3123 1522 3186 super
1573 3100 1695 3165 hoc
1744 3100 2221 3186 dihgentissime
2279 3103 2824 3172 consultaverunt.

604 3186 965 3272 Utcumque
1010 3186 1200 3250 etiam
1243 3183 1449 3249 cordis
1480 3184 1759 3249 dolorem
1791 3185 2285 3251 dissimulabant.
2356 3187 2633 3274 Legatos
2707 3213 2825 3254 ua·

651 3293 985 3335 uaversum
1033 3267 1331 3354 dirigunt.
1409 3268 1649 3351 GraHOS,
1691 3290 1852 3354 quos
1893 3269 2041 3333 hinc
2069 3269 2378 3352 Matrona,
2421 3270 2570 3336 inde
2613 3271 2696 3337 ab
2723 3275 2828 3338 uit

641 3376 929 3436 varunna,
973 3362 1193 3418 contra
1232 3353 1551 3417 tirannum
1593 3355 1882 3421 invitant.
1948 3354 2197 3433 Quibus
2239 3355 2305 3417 in
2349 3376 2549 3418 unum
2580 3359 2825 3422 coactis

606 3462 753 3504 cum
769 3441 798 3481 ¹¹
828 3439 1178 3503 exercitum
1209 3435 1621 3521 collegissent,
1655 3436 2102 3519 deliberabant,
2144 3458 2227 3499 an
2262 3437 2485 3503 urbem
2529 3443 2824 3524 aggressi

604 3530 1063 3609 expugnarent,
1106 3529 1445 3606 antequam
1488 3519 1569 3584 ab
1614 3520 1896 3586 hostibus
1939 3519 2352 3606 amplioribus
2382 3523 2582 3608 copiis
2611 3525 2822 3588 muni-

605 3614 797 3686 retur,
856 3615 919 3669 et
976 3613 1341 3689 expugnata
1400 3605 1718 3668 tirannum
1780 3603 2204 3688 confoderent,
2263 3627 2337 3669 eo
2397 3607 2587 3692 quod,
2649 3609 2703 3672 si
2761 3609 2823 3672 is

606 3687 997 3753 solummodo
1041 3699 1264 3774 captus
1306 3697 1416 3752 aut
1461 3687 1704 3752 occisus
1738 3687 1916 3770 foret,
1959 3709 2111 3752 mox
2139 3711 2276 3753 sese
2303 3712 2572 3776 regnum
2603 3693 2824 3777 quiete

722 3847 769 3900 a)
800 3850 1197 3898 Personantesque
1230 3852 1270 3889 1.
1408 3847 1457 3900 b)
1488 3860 1527 3891 a.
1561 3861 1604 3892 v.
1633 3850 1777 3891 frome
1806 3851 1854 3890 in
1885 3851 1974 3890 loco
2005 3861 2122 3892 raso.
2257 3849 2299 3903 c)
2331 3863 2376 3894 u.
2407 3864 2511 3893 cum
2543 3859 2668 3896 esset
2683 3865 2756 3905 ep.
2776 3857 2820 3895 1.

606 3906 651 3959 d)
683 3906 903 3958 Deputati
944 3918 1052 3956 ergo
1097 3912 1202 3948 sunt
1238 3919 1282 3949 v.
1323 3909 1624 3958 quingenteni
1665 3909 1706 3950 1.
1887 3908 1929 3962 e)
1959 3910 2174 3950 millenae
2212 3911 2365 3952 trabes
2397 3939 2408 3952 .
2443 3940 2454 3952 .
2488 3939 2500 3952 .
2531 3913 2730 3954 idoneae
2778 3917 2825 3955 1.

604 3965 639 4017 f)
672 3977 773 4007 exa.
808 3978 845 4008 c.
881 3979 919 4008 c.
951 3967 999 4006 in
1030 3967 1121 4006 loco
1153 3977 1271 4006 raso.
1391 3965 1437 4018 g)
1470 3967 1507 4022 1,
1539 3968 1589 4007 in
1618 3967 1730 4007 abac.
1848 3965 1896 4018 h)
1924 3973 2024 4017 post
2054 3969 2154 4011 add.

755 4099 809 4163 1)
849 4099 929 4150 Ob
967 4099 1068 4149 hoc
1115 4097 1431 4150 vocabulum
1472 4115 1558 4150 res
1605 4099 1694 4150 hic
1743 4104 1980 4154 narratas
2029 4106 2152 4168 post
2199 4102 2441 4154 Rotberti
2493 4104 2826 4156 electionem

604 4169 877 4237 ponendas
916 4187 1047 4234 esse,
1084 4187 1189 4222 non
1230 4171 1559 4223 crediderim.
