3059 4834
634 277 704 327 52
1152 271 1460 323 RICHERI
1498 270 2004 324 HISTORIARUM
2041 269 2267 320 LIBER
2302 270 2381 320 11.

511 472 611 513 941.
632 459 945 529 personae
988 439 1319 505 nobilitate
1372 439 1738 506 adornetur.
1835 437 2182 523 Hugonem
2233 438 2451 523 itaque
2509 455 2678 522 pene
2737 460 2878 502 om-

633 527 813 592 nium
856 524 1219 590 eonibentia
1261 520 1577 605 attollunt,
1619 543 1698 586 ac
1741 521 1977 586 Remos
2019 520 2387 604 deductum,
2445 523 2514 584 in
2559 522 2877 587 coenobio

633 609 1092 675 monachorum
1162 607 1367 672 sancti
1438 607 1532 670 Re
1605 607 1620 621 ⁰
1674 606 1713 621 '⁶
1797 603 2359 691 metropolitanum
2439 603 2878 694 sollempniter

636 701 1011 760 consecrant
1050 699 1117 754 at
1160 713 1241 757 ue
1281 691 1350 754 in
1393 691 1552 756 urbe
1643 697 1897 754 ecenter
1927 698 2269 774 exceptum
2311 687 2511 754 multo
2560 688 2874 775 obsequio

634 800 713 842 ac
754 776 1113 842 reverentia
1201 785 1487 840 onorant.
1573 774 1716 839 Rex
1769 774 1837 836 in
1878 772 2170 858 partibus
2213 773 2629 857 Burgundjae
2672 775 2874 839 viato-

634 883 777 926 rum
830 859 1033 925 relatu
1088 868 1413 945 patratum
1466 858 1798 943 negotium
1856 858 2215 940 advertens,
2273 879 2428 921 mox
2481 857 2874 922 Laudunum

633 945 823 1011 rediit
843 957 884 1009 ¹.
968 941 1329 1007 Arnoldum
1373 963 1628 1029 quoque
1671 963 1750 1005 ac
1793 943 1931 1005 eius
1973 941 2233 1006 fratrem
2274 940 2688 1023 Landricum,
2723 964 2873 1028 pro-

634 1028 895 1094 ditionis
952 1025 1371 1109 insimulatOS,
1434 1047 1556 1090 nec
1612 1035 1829 1090 tamen
1929 1026 2136 1090 enitus
2192 1027 2532 1110 convictOS,
2595 1047 2746 1090 cum
2803 1026 2875 1090 in

634 1113 755 1177 hac
799 1136 869 1178 re
912 1110 1376 1198 promptissimi
1418 1109 1805 1192 viderentur,
1850 1132 1890 1173 a
1979 1107 2137 1173 urbe
2181 1107 2445 1195 expulit.

818 1233 921 1298 26.
986 1232 1130 1297 Rex
1172 1231 1239 1295 in
1280 1230 1570 1316 partibus
1613 1229 2026 1316 Burgundiae
2071 1230 2423 1295 exercitum
2467 1239 2689 1295 contra

1462 1315 1746 1378 tirannos
1791 1312 2048 1399 colligit.

806 1401 950 1464 Rex
1022 1420 1170 1462 cum
1247 1399 1341 1462 rei
1403 1397 1696 1462 militaris
1769 1398 1989 1482 inopia
2068 1406 2288 1461 contra
2356 1397 2642 1462 tirannos
2711 1397 2876 1461 nihil

638 1483 850 1549 moliri
877 1481 1135 1560 valeret,
1165 1480 1607 1566 Burgundiam
1634 1505 1703 1546 re
1754 1482 1909 1562 etiit‚
1939 1489 2008 1544 ut
2037 1483 2390 1545 exercitum
2419 1482 2567 1546 inde
2591 1493 2876 1548 sumeret

636 1568 981 1651 Remisque
1023 1563 1375 1630 induceret.
1460 1563 1676 1630 Admo
1721 1588 1831 1628 um
1888 1565 2122 1629 etenim
2181 1565 2248 1629 id
2300 1565 2739 1650 attemptabat,
2797 1576 2876 1630 ut

636 1651 1051 1715 Heribertum
1108 1647 1189 1712 ab
1243 1645 1403 1711 urbe
1462 1670 1735 1733 pervasa
1784 1647 2064 1734 pelleret.
2164 1649 2342 1712 Dum
2386 1671 2541 1734 ergo
2585 1650 2653 1712 in
2699 1647 2875 1712 colli-

685 1733 865 1798 endis
931 1729 1240 1796 militibus
1304 1752 1554 1795 moram
1624 1733 1892 1815 faceret,
1963 1733 2197 1796 tiranni
2211 1743 2237 1773 a
2309 1732 2509 1797 multo
2583 1734 2874 1819 equitatu

399 1846 479 1898 ψ.
514 1848 616 1890 593.
693 1817 1019 1881 audunum
1063 1837 1146 1901 ap
1198 1823 1375 1880 etunt
1416 1825 1610 1963 αἛθ
1655 1815 2070 1897 circumdant,
2115 1839 2297 1902 spem
2340 1817 2758 1903 proditionis*
2799 1819 2873 1880 in

638 1901 1022 1989 quibusdam
1075 1900 1161 1963 ha
1207 1909 1403 1964 entes.
1576 1922 1690 1964 aec
1749 1901 1901 1964 dum
1959 1910 2252 1984 aguntur,
2310 1901 2393 1964 ad
2449 1901 2620 1986 regis
2681 1922 2871 1966 aures

634 1986 1017 2071 tempestive
1059 1982 1363 2048 feruntur.
1453 1984 1603 2064 Qui,
1661 1985 1932 2070 sumptis
2028 2004 2144 2047 uos
2199 1984 2644 2070 undecumque
2698 1984 2872 2049 colli-

634 2071 827 2156 gereb
871 2067 1088 2150 valuit,
1129 2069 1198 2130 in
1240 2088 1483 2152 pagum
1526 2068 1914 2133 Porcensem
1931 2079 1955 2112 ²
2045 2069 2272 2134 evenit.
2360 2068 2494 2133 Ubi
2537 2090 2687 2132 cum
2730 2092 2870 2134 rem

634 2153 972 2218 militarem
1004 2150 1327 2216 ordinaret
1354 2173 1432 2216 ac
1460 2150 1751 2218 hostibus
1780 2150 2017 2218 bellum
2045 2151 2277 2216 inferre
2299 2163 2576 2239 pararet,
2613 2153 2870 2236 tiranni,

634 2237 969 2302 Lauduni*
1024 2234 1356 2302 obsidione
1398 2234 1637 2319 relicta,
1681 2237 1748 2300 in
1790 2259 1860 2301 re
1909 2257 2010 2300 em
2052 2236 2312 2318 vadunt,
2356 2258 2432 2299 ac
2473 2236 2869 2322 insperatum

634 2321 1009 2386 invadentes
1051 2320 1187 2384 eius
1232 2321 1603 2402 exercitum,
1647 2342 1820 2384 nonn
1912 2340 1980 2383 os
2037 2329 2340 2402 sternunt,
2393 2319 2672 2406 reliquos
2715 2343 2869 2386 vero

634 2407 703 2470 in
762 2405 981 2503 fugam
1044 2413 1300 2489 cogunt.
1406 2403 1552 2468 Rex
1610 2426 1649 2467 a
1708 2404 1838 2468 suis
1897 2401 2180 2486 eductuS,
2239 2405 2355 2466 vix
2408 2425 2556 2468 cum
2615 2404 2869 2470 duobus

636 2489 973 2554 comitibus
989 2498 1014 2533 ⁸
1072 2488 1204 2552 vim
1264 2488 1486 2551 mortis
1552 2489 1775 2568 evasit,
1842 2486 2080 2573 oppido
2149 2489 2322 2572 quod
2384 2487 2570 2552 Altus
2637 2511 2824 2553 mons
2842 2500 2868 2534 ⁴

636 2573 871 2637 dicitur
914 2593 1053 2636 sese
1094 2571 1431 2655 recipiens.
1511 2571 1778 2635 Tiranni
1821 2593 1936 2655 spe
1979 2570 2362 2655 proditionis
2406 2571 2710 2655 frustrati,
2759 2573 2871 2639 ob-

637 2656 949 2721 sidionem
994 2652 1249 2718 solvunt
1289 2664 1481 2739 atque
1523 2655 1592 2716 in
1634 2675 1750 2718 sua
1791 2654 2150 2719 concedunt
2167 2667 2210 2718 ⁰.

390 2790 507 2834 ⁸101.
540 2794 613 2834 19.
634 2775 737 2839 27.
782 2773 1086 2838 *Tiranni
1114 2795 1155 2836 a
1181 2794 1357 2858 papa
1396 2783 1753 2855 monentur,
1795 2796 1876 2838 ne
1916 2796 2135 2861 regem
2165 2797 2351 2839 suum
2378 2786 2871 2862 persequantur.

507 2898 612 2940 942.
802 2876 1058 2940 Interea
1116 2898 1155 2938 a
1228 2875 1463 2940 domno
1538 2875 1862 2961 Stephano
1927 2897 2100 2962 papa
2156 2878 2258 2941 vir
2323 2878 2532 2942 clarus
2604 2879 2870 2943 nomine

634 2961 959 3024 Damasus
1014 2956 1262 3044 legatus
1318 2959 1385 3022 in
1441 2957 1683 3024 Gallias
1741 2959 2016 3024 directus
2074 2971 2186 3044 est,
2247 2961 2636 3046 apostolicae
2695 2961 2869 3028 sedis

632 3043 873 3108 litteras
930 3041 1223 3124 afferens,
1275 3042 1620 3108 iussionem
1663 3042 2080 3128 apostolicam
2126 3047 2538 3127 continenteS‚
2585 3055 2655 3109 ut
2693 3047 2870 3132 prin·

634 3129 695 3192 ci
745 3149 811 3192 es
853 3125 1331 3212 provinciarum
1344 3129 1404 3161 *²⁸²
1448 3148 1667 3211 regem
1711 3149 1896 3190 suum
1930 3126 2331 3202 Ludovieum
2388 3131 2678 3214 recipere
2735 3151 2871 3194 non

634 3149 959 3276 differrent
1000 3231 1118 3274 nec
1160 3208 1374 3294 gladio
1419 3208 1586 3275 ultra
1637 3210 1852 3276 hostili
1909 3233 2054 3276 eum
2111 3213 2607 3295 insectarentur3
2676 3224 2741 3279 et
2795 3216 2870 3277 ni

633 3305 899 3377 cessent,
946 3291 1367 3358 anathematis
1410 3292 1536 3358 telo
1583 3316 1802 3358 omnes
1847 3316 1985 3359 esse
2015 3295 2322 3382 figendos.
2391 3296 2535 3379 Quo
2567 3319 2602 3361 e
2654 3298 2870 3383 iscopi

632 3381 889 3464 cognito
947 3379 1293 3442 Remorum
1351 3377 1698 3460 dioceseos,
1756 3379 1824 3442 in
1866 3400 2064 3443 unum
2109 3402 2264 3444 mox
2308 3382 2533 3462 coacti,
2634 3403 2670 3444 e
2713 3403 2869 3445 ana-

628 3463 906 3528 themate
949 3464 1018 3525 in
1060 3483 1199 3526 sese
1252 3459 1548 3525 habendo
1610 3461 1733 3525 nisi
1784 3463 2162 3548 resipiscant
2215 3462 2665 3528 vehementer‘¹
2720 3488 2869 3552 per-

628 3554 921 3611 tractant.
1004 3542 1387 3608 Mittendum
1441 3545 1612 3608 enim
1665 3545 1746 3609 ad
1792 3545 2201 3612 Heribertum
2257 3547 2605 3633 disponunt
2659 3559 2724 3613 et
2779 3547 2869 3614 ab

630 3651 705 3694 eo
750 3627 1124 3714 suppliciter
1162 3625 1529 3714 petendum,
1593 3629 1890 3728 quatinus
1944 3631 2084 3716 ipse
2137 3630 2365 3695 ducem
2417 3632 2609 3696 adeat
2668 3641 2871 3718 atque

626 3711 801 3798 apud
844 3733 991 3776 eum
1029 3732 1148 3796 pro
1193 3711 1361 3795 regis
1397 3722 1756 3798 receptione
1786 3722 1954 3800 agat,
2000 3713 2405 3780 ostendentes
2435 3715 2868 3780 anathematis

775 3853 822 3922 *)
862 3856 1148 3906 Remorum
1190 3856 1239 3904 1.
1385 3853 1459 3922 **)
1496 3873 1776 3924 regnorum
1819 3859 1869 3907 1.

624 4023 682 4063 m
746 3963 791 4063 ιι)
824 3965 960 4014 Hugo
992 3973 1045 4003 ac
1074 3963 1344 4004 Hei-ibertus
1379 3965 1418 4006 1.
1561 3963 1611 4018 b)
1643 3967 1814 4014 collige
1845 3978 1878 4007 c.
2029 3965 2071 4016 c)
2105 3965 2242 4007 limae
2257 3967 2366 4018 finis
2393 3979 2560 4010 erasus.
2697 3967 2747 4022 d)
2781 3971 2870 4011 uti-

682 4033 735 4064 01·
799 4053 809 4064 .

779 4115 833 4182 1)
882 4117 1037 4166 Haec
1086 4117 1345 4169 Richerus
1401 4117 1699 4170 Flodoardi
1753 4121 2044 4171 narrationi
2103 4120 2320 4171 adiecit.
2513 4121 2569 4188 2)
2627 4123 2868 4176 Porcien

624 4190 682 4239 in
722 4188 1019 4255 Campania
1057 4189 1307 4257 (⁴arrond.
1346 4191 1415 4242 de
1453 4191 1708 4259 Rethel’).
1875 4189 1935 4258 3)
1973 4189 2196 4244 Artoido
2235 4193 2474 4260 episcopo
2512 4202 2560 4247 et
2598 4194 2866 4264 Rotqario

626 4261 804 4314 comite
840 4261 997 4313 Flod.
1146 4264 1199 4325 4)
1247 4265 1457 4315 Omont⁴
