3059 4834
684 274 993 326 RIOHERI
1034 274 1543 327 HISTORIARUM
1579 276 1804 328 LIBER
1841 276 1950 327 111.
2344 279 2448 328 10⁹

210 444 467 523 stantia,
513 443 853 529 quantitaS,
898 440 1189 527 qualitas,
1262 441 1409 506 Alia
1451 464 1604 506 vero
1649 463 1780 506 non
1821 441 2195 528 simpliciter
2237 444 2445 529 profe·
2465 462 2576 532 ovo.-

202 536 453 609 runtur,
498 537 572 591 ut
612 525 918 591 rationale
961 525 1045 589 ad
1088 524 1392 591 mortale'.

311 641 329 656 ’
349 648 451 712 65.
542 645 718 726 Quid
761 647 1231 710 continentius⁸
1275 647 1376 728 sit,
1417 645 1762 710 rationalea
1807 657 1928 711 ana
1971 646 2234 712 mortale
2249 658 2295 711 ².

377 748 565 812 Tunc
617 748 1059 814 vehementius
1119 748 1378 814 Otricus
1432 747 1758 812 admirans
1814 749 1932 813 ait:
1998 747 2124 812 ‘An
2178 749 2447 814 mortale

199 831 505 896 rationali
562 831 921 918 supponis?
1008 831 1169 911 Quis
1225 832 1488 914 nesciat,
1547 832 1722 918 quod
1773 832 2082 898 rationale
2123 833 2341 897 Deum
2383 843 2449 897 et

198 915 508 1001 angelum
550 915 1003 1001 hominemque
1049 915 1400 996 concludat,
1459 915 1726 979 mortale
1770 938 1926 981 vero
1971 926 2193 1001 utpote
2238 917 2446 980 maius

200 1009 273 1063 et
317 1001 744 1064 continentius
790 1001 1005 1063 omnia
1060 999 1357 1064 mortalia
1402 1009 1468 1063 et
1509 1022 1628 1085 per
1669 999 1792 1064 hoc
1835 999 2084 1065 infinita
2129 999 2449 1085 colligat'?

199 1082 316 1146 Ad
358 1083 518 1148 haec
548 1082 926 1148 Gerbertus:
972 1065 1102 1165 ‘Si⁸,
1144 1085 1368 1170 inquit,
1415 1083 1789 1147 ‘secundum
1819 1083 2227 1183 Porphirium
2257 1093 2449 1170 atque

198 1167 510 1232 Boetium
562 1168 955 1233 substantiae
1010 1167 1387 1232 divisionem
1440 1189 1644 1252 usque
1697 1167 1781 1231 ad
1823 1167 2158 1232 individua
2214 1167 2451 1232 idonea

199 1253 551 1336 partitione
593 1275 710 1337 per
758 1251 1041 1331 endereS,
1096 1250 1402 1316 rationale
1458 1253 1884 1316 continentius
1944 1273 2138 1338 quam
2182 1250 2450 1316 mortale

200 1336 345 1399 sine
391 1335 589 1400 dubio
632 1335 716 1399 ha
764 1357 922 1400 eres,
1005 1334 1213 1421 quue
1256 1337 1558 1419 congruis
1599 1335 1952 1400 rationibus
1999 1333 2337 1417 enucleari,
2380 1336 2451 1398 in

249 1429 466 1483 romtu
512 1430 628 1484 est.
676 1419 934 1484 Etenim
978 1441 1126 1482 cum
1172 1428 1436 1501 constet,
1482 1418 1905 1483 substantiam
1948 1441 2154 1505 genus
2185 1441 2448 1504 genera-

194 1441 524 1566 lissimum
580 1526 700 1589 per
753 1503 1119 1568 subalterna
1171 1525 1362 1588 posse
1427 1502 1629 1566 dividi
1691 1524 1892 1588 usque
1952 1502 2035 1566 ad
2090 1501 2448 1585 individua,

194 1586 561 1652 videndum
605 1597 718 1668 est,
763 1611 847 1651 an
891 1589 1105 1651 omnia
1147 1585 1510 1651 subalterna
1555 1585 1822 1671 singulis
1868 1586 2258 1652 dictionibus
2302 1609 2448 1672 pro-

194 1670 511 1735 ferantur.
589 1670 718 1737 Sed
758 1669 805 1735 li
850 1671 1001 1736 uido
1045 1679 1241 1757 patet,
1287 1670 1409 1735 alia
1439 1670 1519 1735 de
1551 1669 1838 1755 singuliS‚
1882 1670 2010 1735 alia
2040 1671 2120 1735 de
2150 1670 2448 1756 pluribus

196 1776 443 1819 nomen
478 1756 719 1820 factum
761 1756 845 1820 ha
892 1778 1017 1820 ere.
1104 1755 1208 1819 De
1254 1753 1542 1840 singuliS,
1585 1764 1657 1817 ut
1699 1777 1964 1841 corpus;
2010 1754 2090 1820 de
2180 1753 2452 1837 luribUS,

196 1848 283 1902 ut
321 1840 671 1903 animatum
715 1838 1031 1903 sensibile.
1104 1838 1353 1902 Eadem
1397 1859 1652 1923 quoque
1696 1841 1940 1904 ratione
1986 1839 2148 1904 suba
2173 1848 2448 1920 ternum,

203 1923 388 2009 quod
431 1933 527 1988 est
568 1921 804 1988 animal
844 1920 1171 2003 rationale,
1261 1921 1586 1986 redicatur
1629 1921 1710 1985 de
1755 1921 2067 2003 subiect0,
2131 1922 2308 2008 quod
2351 1931 2451 1986 est

201 2005 447 2071 animal
486 2005 794 2071 rationale
836 2003 1121 2069 mortale.
1206 1944 1344 2069 {lec
1387 2004 1554 2086 dico,
1602 2004 1777 2088 quod
1818 2003 2128 2069 rationale
2171 2003 2451 2089 simplex

201 2091 575 2177 predicetur
618 2091 698 2154 de
757 2087 1034 2175 simplici
1086 2086 1364 2169 mortali3
1422 2087 1493 2150 id
1550 2089 1720 2150 enim
1773 2110 1902 2152 non
1960 2085 2280 2172 procedit3
2335 2088 2453 2152 sed

202 2172 539 2256 rationale,
581 2176 865 2257 inquam,
909 2171 1169 2236 animali
1210 2173 1642 2235 coniunctum·
1661 2170 2033 2257 predicatur
2063 2171 2142 2235 de
2171 2170 2448 2252 mortali,

206 2259 556 2322 coniuncto
611 2254 870 2319 animali
926 2253 1254 2320 rationali'.
1366 2254 1660 2340 Cumque
1715 2253 1928 2320 verbis
1993 2265 2058 2320 et
2121 2255 2450 2320 sententiis

202 2342 483 2404 nimium
525 2339 753 2404 flueret
806 2349 869 2403 et
921 2337 1131 2403 adhuc
1172 2337 1338 2403 aliab
1393 2338 1608 2402 dicere
1652 2348 1927 2423 pararet,
1985 2341 2244 2424 augusti
2285 2349 2448 2404 nutu

208 2423 630 2508 disputationi
676 2422 821 2487 finis
862 2424 1133 2487 iniectus
1178 2433 1293 2504 est,
1348 2444 1423 2486 eo
1481 2422 1658 2508 quod
1710 2433 1774 2487 et
1815 2423 1988 2488 diem
2030 2445 2194 2509 pene
2235 2423 2305 2486 in
2347 2423 2448 2487 his

208 2516 418 2572 totum
482 2518 967 2572 consumserant
1038 2517 1104 2571 et
1164 2506 1495 2572 audientes
1561 2504 1815 2592 prolixa
1881 2515 2074 2594 atque
2142 2508 2448 2571 continua

208 2590 563 2676 disputatio
627 2593 756 2654 iam
818 2589 1147 2676 fatigabat.
1254 2590 1361 2655 Ab
1446 2601 1724 2675 augusto
1802 2593 2021 2678 itaque
2094 2591 2444 2656 Gerbertus

209 2678 473 2760 egregie
524 2676 853 2759 donatu8,.
887 2698 1037 2740 cum
1095 2697 1210 2739 suo
1267 2673 1756 2760 metropolitano
1810 2677 1879 2740 in
1938 2673 2180 2740 Gallias
2238 2673 2446 2739 clarus

204 2761 537 2824 remeavit.

450 2880 555 2944 66.
640 2877 967 2944 *Sinodus
998 2891 1024 2921 ⁰
1066 2877 1242 2964 apud
1286 2878 1594 2945 Sanctam
1635 2879 1929 2964 Magram
1972 2878 2210 2944 habita.

381 2982 632 3047 Eodem
706 2991 995 3068 tempore
1074 2979 1309 3046 Emma
1333 2983 1361 3024 ‘¹
1440 2984 1666 3068 regina
1744 2991 1808 3046 et
1884 2979 2209 3046 Adalbero
2281 2981 2451 3045 Lau-

208 3067 516 3132 dunensis
561 3067 777 3150 episco
826 3088 903 3129 us
945 3065 1213 3130 infames
1258 3068 1466 3152 stupri
1509 3067 2025 3132 criminabantur.
2112 3065 2193 3128 Id
2235 3074 2453 3129 tamen

207 3149 485 3216 latenter
525 3149 785 3214 intende
832 3159 996 3230 atur,
1041 3148 1272 3214 nullius
1302 3150 1637 3215 manifesto
1665 3150 2033 3213 intentionis
2063 3158 2243 3213 teste.
2320 3148 2454 3213 Sed

213 3237 371 3321 quia
414 3255 758 3319 suppresse
799 3232 1042 3296 dictum
1070 3231 1154 3296 ad
1185 3236 1469 3297 omnium
1500 3255 1688 3298 aures
1720 3233 2084 3313 devenerat,
2130 3233 2456 3316 episcopis

162 3311 176 3328 ’
212 3341 433 3382 visum
490 3327 603 3399 est,
662 3316 732 3381 id
788 3338 926 3380 esse
983 3315 1483 3398 discutiendum,
1529 3339 1614 3381 ne
1666 3317 1862 3380 stater
1911 3324 1976 3378 et
2032 3316 2457 3399 coepiscopus

215 3423 443 3468 eorum
492 3401 791 3466 infamiae
846 3408 1058 3464 tantae
1118 3400 1515 3465 subderetur.
1603 3398 1666 3462 A
1710 3421 1784 3462 su
1833 3398 2076 3461 radicto
2130 3419 2284 3482 ergo
2330 3420 2458 3461 me-

215 3485 603 3572 tropolitano
664 3483 932 3549 collecta
989 3492 1086 3547 est
1127 3486 1580 3568 episcoporum
1623 3483 1761 3546 sino
1812 3505 1886 3546 us
1929 3482 2108 3566 apud
2154 3483 2460 3546 Sanctam

214 3571 543 3656 Magram,
600 3569 817 3632 locum
870 3567 1220 3632 Remorum
1276 3567 1732 3632 diocesaneum
1752 3579 1798 3630 1.
1907 3564 2461 3652 considentesque

220 3664 288 3720 et
311 3675 602 3740 quaeque
624 3651 805 3717 utilia
826 3658 1309 3737 pertractantes,
1338 3662 1686 3737 postquam
1711 3647 2242 3736 metropolitanus
2256 3663 2280 3693 θ
2305 3701 2320 3715 .
2350 3699 2367 3715 .
2394 3698 2410 3713 .
2443 3698 2457 3714 .

345 3897 392 3951 a)
443 3901 581 3951 conti,
626 3901 731 3951 tius,
778 3900 889 3951 atio,
935 3908 1010 3950 an,
1053 3898 1149 3937 tale
1190 3897 1303 3936 absc.
1453 3895 1501 3949 b)
1550 3908 1673 3937 nova
1713 3907 1871 3938 omnes
1915 3899 2214 3946 expectarent
2245 3897 2304 3937 ab
2341 3906 2385 3936 a.
2422 3896 2462 3937 1.

225 3958 270 4012 c)
300 3961 365 4000 ita
396 3961 527 4000 coda
557 3959 705 4008 prima
748 3969 881 3998 manu
916 3957 1082 4007 pergit,
1128 3967 1167 3996 c.
1200 3953 1391 3998 55-65.
1416 3960 1520 4006 poet
1549 3956 1726 3996 incertis
1757 3955 1815 4008 (v.
1841 3967 1892 4006 p.
1928 3957 2030 3999 104.
2061 3966 2107 3996 π.
2142 3967 2180 3996 c.
2215 3961 2254 3996 a
2280 3967 2327 4006 p.
2361 3955 2463 3996 108.

225 4030 273 4060 n.
308 4017 397 4072 c.);
428 4019 543 4068 quod
572 4018 784 4057 Reimann
808 4028 857 4067 p.
890 4017 962 4058 24.
989 4026 1154 4066 parum
1176 4014 1407 4066 pompavit.
1518 4012 1566 4066 d)
1599 4017 1652 4056 1⁴]-
1685 4027 1723 4056 r.
1757 4019 1805 4056 et
1833 4016 1921 4056 Ad.
1952 4013 2006 4056 L.
2037 4026 2072 4054 ο.
2189 4011 2233 4066 e)
2261 4015 2330 4054 laic
2352 4025 2465 4064 pene

226 4088 321 4118 una
352 4083 391 4118 οι
422 4078 603 4128 plures,
645 4082 694 4116 ut
722 4077 911 4124 videtur,
953 4076 1091 4115 lineae
1129 4075 1178 4114 in
1206 4075 1301 4126 fine
1334 4075 1527 4124 papium
1572 4075 1764 4114 abaciam
1805 4079 1934 4124 mm,-
1964 4073 2162 4124 fortasse
2201 4075 2328 4114 etiam
2372 4073 2466 4114 alia

226 4137 395 4190 dume,
432 4136 477 4186 s.
511 4136 583 4177 38.
614 4146 728 4176 πονο
747 4135 963 4186 fasciculo
993 4134 1232 4185 incipiente.

382 4267 438 4335 1)
477 4268 705 4322 Fismes.

2474 2904 2492 2923 ⁸
2508 2907 2588 2949 fol.
2621 2905 2714 2949 ὅδ’.

2472 2967 2552 3008 fin.
