3059 4834
756 267 1060 319 RICHERI
1098 267 1601 321 HISTORIARUM
1639 268 1861 319 LIBER
1899 269 1975 321 11.
2394 271 2467 321 39

245 443 519 504 secutus,
586 435 751 499 Nam
783 457 929 499 cum
957 433 1307 498 autumnali
1338 444 1623 520 tempore
1661 434 2075 500 melancoliaa
2117 437 2186 500 in
2228 439 2469 523 patien-
2488 451 2589 495 98⁵·

242 519 414 584 tibus
457 519 871 600 redundaret,
933 519 1303 601 cacocexia,
1364 519 1537 606 quod
1589 519 1801 583 Latini
1853 519 2084 584 malam
2141 522 2465 607 corporisb

240 603 680 669 habitudinem
739 604 979 684 dicunt,
1045 612 1174 667 toto
1219 613 1523 668 autumno
1583 604 1870 668 detentus
1916 614 2029 668 est.
2114 604 2467 691 Victusque

240 686 528 752 humoris
573 685 1024 774 superfluitate,
1080 685 1310 752 defecit
1364 688 1686 752 hominem
1735 709 1811 751 ue
1866 689 2086 753 exivit.
2183 689 2260 752 In
2302 688 2469 753 basi·
2486 707 2588 749 936.

240 770 366 836 lica
409 782 666 837 sanctae
734 769 1082 835 Columbae
1144 771 1410 857 virginis
1475 772 1649 856 apud
1765 791 1998 835 enonas
2062 771 2259 836 multa
2314 776 2467 836 ami·
2483 768 2583 809 ¹⁸¹²·
2619 768 2687 808 ¹⁴²·

243 876 465 919 corum
507 857 826 922 attritione
873 876 1256 940 suorumque
1299 855 1450 920 obse
1499 856 1606 919 uio
1651 854 2055 919 tumulatur&
2139 855 2244 921 De
2287 858 2468 943 regni

244 939 810 1005 amministratione
854 937 1012 1002 nihil
1055 939 1386 1024 disposuit.
1516 949 1542 1004 t
1585 939 1963 1024 primatibus
2008 960 2149 1003 eam
2193 939 2467 1026 reliquit,

245 1044 323 1086 eo
355 1023 525 1110 quod
569 1021 730 1087 filios
774 1045 903 1088 non
942 1020 1255 1106 habuerit,
1302 1025 1412 1109 qui
1451 1045 1794 1109 regnorum
1836 1045 2049 1087 rerum
2094 1025 2466 1108 potirentur.

745 1224 1118 1289 *INCIPIT
1161 1225 1428 1290 LIBER
1473 1225 1966 1291 SECUNDUS.
2481 1244 2593 1290 ⁶101.
2625 1246 2696 1293 15.

510 1350 566 1409 1.
634 1343 960 1413 Gallorum
978 1358 1003 1387 0
1045 1343 1453 1410 deliberatio⁰
1496 1347 1575 1411 de
1619 1368 1768 1431 rege
1788 1359 1811 1390 c
1856 1345 2127 1412 creando
2148 1359 2191 1410 ⁰.

409 1449 566 1512 Post
622 1449 805 1512 cuius
863 1448 1170 1533 exequias
1238 1449 1563 1546 principes
1629 1450 1695 1511 in
1762 1447 2013 1512 diversa
2070 1447 2471 1514 ducebantur

241 1532 432 1599 finem
479 1554 559 1597 ue
599 1532 903 1617 petebant
945 1531 1212 1595 varium.
1301 1530 1469 1596 Galh
1513 1553 1789 1617 namque
1822 1530 2041 1597 Celtae
2084 1554 2232 1596 cum
2272 1533 2469 1619 Aqui-

238 1616 404 1679 tanis
501 1637 796 1700 ugonem,
838 1615 1120 1680 Rotberti
1156 1617 1326 1701 regis
1363 1614 1583 1697 filium,
1615 1615 1851 1700 Belgae
1881 1638 2034 1680 vero
2064 1615 2469 1681 Ludovicum

239 1698 463 1764 Karoli
514 1701 961 1785 sequebantur.
1043 1699 1336 1779 Quorum
1380 1702 1589 1764 neutri
1638 1699 2053 1764 commoditas
2102 1700 2327 1764 aderat
2373 1724 2468 1766 re-

285 1783 510 1865 nandi,
564 1805 710 1847 011111
738 1784 932 1868 Hugo
976 1793 1221 1868 patrem
1254 1784 1334 1849 ob
1365 1782 1765 1848 insolentiam
1846 1786 2061 1850 eriisse
2105 1785 2468 1850 reminisce-

239 1807 430 1933 {atur
473 1879 536 1932 et
564 1867 645 1932 ob
674 1867 796 1932 hoc
840 1889 1107 1952 regnare
1149 1867 1539 1949 formidaret,
1585 1877 1650 1933 et
1676 1867 1776 1931 Lu
1824 1869 2043 1932 ovicus
2081 1869 2149 1931 in
2226 1868 2467 1933 artibus

237 1950 550 2038 Anglicae
594 1962 966 2032 moraretur,
1021 1973 1097 2014 eo
1158 1951 1330 2036 quod
1386 1949 1537 2014 illuc
1591 1949 1832 2014 delatus
1874 1951 2081 2015 infans
2136 1892 2222 2015 ag
2274 1974 2468 2016 avun-

241 2035 453 2100 culum
510 2034 932 2099 Adelstanum
995 2057 1065 2099 re
1113 2057 1215 2098 em
1278 2034 1467 2100 fuerit
1533 2033 1615 2098 ob
1670 2032 1965 2118 Hugonis
2024 2043 2088 2098 et
2143 2035 2470 2100 Heriberti

237 2119 740 2201 insectationem,
798 2140 874 2182 eo
919 2140 1046 2203 quo
1144 2119 1166 2180 i
1215 2118 1268 2181 si
1324 2129 1572 2204 patrem
1627 2120 1763 2182 eius
1811 2117 2561 2202 *comprehendissent'p·
2594 2129 2694 2171 ⁶8⁹1·

239 2225 318 2268 ac
363 2205 605 2266 carceri
637 2203 988 2267 trusissent.
1048 2201 1150 2266 Ga
1199 2201 1213 2216 ⁶
1269 2202 1358 2266 ita
1405 2224 1483 2264 ue
1541 2203 1609 2264 111
1659 2201 1827 2284 regis
1869 2202 2272 2287 promotione
2315 2201 2468 2266 libe-

241 2287 439 2350 riores
495 2283 700 2349 videri
762 2284 1142 2366 laborantes,
1209 2283 1327 2349 sub
1455 2306 1665 2368 ugone
1727 2280 1886 2368 duce
1930 2284 2339 2350 deliberaturi
2389 2287 2468 2350 de

243 2392 394 2454 rege
439 2369 711 2434 creando
756 2366 1004 2432 collecti
1045 2378 1195 2433 sunt
1214 2380 1255 2432 ².

337 2489 397 2553 2.
466 2489 686 2554 Oratio
730 2489 1070 2575 Hugonisd
1115 2489 1339 2554 ducisd
1381 2488 1462 2553 ad
1511 2486 1771 2553 Gallosd
1813 2510 1929 2576 pro
1972 2489 2301 2554 Ludovico
2318 2491 2364 2553 d.

412 2591 703 2671 Quorum
765 2591 1014 2656 medius
1072 2590 1206 2656 dux
1263 2600 1411 2678 post
1467 2589 1733 2656 multam
1796 2590 2319 2656 consultationem
2386 2591 2469 2656 ad

239 2673 505 2741 multam
569 2674 1060 2741 benivolentiam
1127 2677 1454 2739 animuml’
1516 2674 1880 2757 intendenS,
1954 2675 2044 2740 sic
2103 2674 2467 2774 prelocutus

239 2761 357 2824 ait:
404 2759 662 2824 ‘Karolo
705 2783 857 2846 rege
894 2758 1239 2825 miserabili
1274 2759 1529 2824 fortuna
1559 2759 1878 2842 defuncto,
1922 2761 2056 2824 sive
2099 2761 2167 2825 1d
2207 2782 2281 2825 eo
2322 2782 2467 2847 pro-

239 2853 539 2926 merente,
598 2847 731 2910 sive
788 2845 1020 2908 nostris
1079 2842 1347 2929 flagiciis
1390 2845 1412 2906 i
1462 2865 1535 2907 sa
1574 2844 1926 2909 Divinitate
1976 2843 2367 2928 indignante,
2413 2845 2467 2908 si

242 2927 400 3013 quid
428 2950 466 2992 a
493 2928 783 3014 patribus
829 2938 892 2992 et
932 2927 1118 2993 nobis
1161 2929 1320 3013 ipsis
1363 2950 1401 2992 a
1451 2930 1713 2992 missum
1758 2937 1870 3010 est,
1916 2950 2042 3014 quo
2085 2928 2459 2993 Divinitatis

241 3019 535 3076 maiestas
575 3011 749 3077 laesa
792 3013 892 3094 sit,
935 3011 1132 3076 multo
1178 3022 1450 3076 conatu0
1494 3013 1786 3098 inprimis
1830 3012 1899 3076 id
1926 3013 2046 3076 erit
2083 3011 2468 3076 abolendum

243 3104 434 3180 atque
477 3093 558 3159 ab
598 3096 794 3161 oculis
837 3096 1284 3160 amovendum.
1349 3096 1842 3160 Discordiarum
1884 3097 1973 3160 ita
2022 3119 2100 3161 ue
2140 3097 2469 3160 molimina

241 3175 472 3260 absint,
527 3191 588 3244 et
631 3181 954 3245 communi
1009 3181 1293 3244 omnium
1349 3181 1713 3245 conibentia
1756 3180 1836 3245 de
1881 3203 1995 3265 pre
2024 3180 2257 3245 erendo
2298 3181 2467 3265 prin-

245 3261 306 3327 ci
356 3284 389 3326 e
448 3261 883 3330 deliberemus
1001 3265 1193 3328 Pater
1265 3286 1445 3329 meus
1516 3274 1729 3329 vestra
1794 3262 2117 3348 quondam
2184 3265 2466 3327 omnium

241 3285 571 3412 vAEuntate
614 3371 732 3413 rex
775 3356 1018 3412 creatus
1063 3369 1191 3412 non
1221 3350 1357 3413 sine
1388 3369 1620 3432 magno
1650 3348 1943 3431 regnavit
1970 3347 2271 3428 facinore,
2320 3368 2467 3408 cum

242 3432 296 3496 is
337 3432 444 3494 0111
479 3430 595 3496 8011
623 3434 761 3496 iura
790 3432 1100 3515 regnandi
1145 3430 1541 3497 debebantur
1581 3432 1827 3495 viveret
1868 3439 1930 3493 et
1959 3431 2181 3494 vivens
2212 3451 2465 3493 carcere

243 3513 661 3581 clauderetur.
735 3515 928 3596 Quod
972 3515 1207 3580 credite
1251 3516 1394 3580 Deo
1436 3537 1566 3578 non
1608 3522 1941 3600 acceptum
1982 3511 2192 3576 fuisse.
2279 3511 2466 3577 Unde

244 3610 309 3666 et
348 3600 533 3681 absit,
577 3609 650 3664 ut
691 3622 811 3686 ego
853 3600 1051 3686 patris
1094 3597 1234 3664 loco
1273 3600 1589 3664 restituar.
1652 3597 1788 3661 Nec
1817 3619 1967 3661 vero
1997 3595 2186 3661 alieni
2214 3597 2465 3683 generis
2496 3618 2500 3622 ·

246 3705 632 3770 quemquam
689 3693 837 3769 post
878 3683 1101 3749 divaef
1135 3683 1478 3746 memoriae
1521 3679 1864 3746 Rodulfum
1908 3679 2178 3746 arbitror
2218 3704 2467 3781 promo-

240 3766 542 3850 vendum,
597 3791 745 3832 cum
804 3769 939 3831 eius
996 3777 1280 3852 tempore
1337 3768 1548 3831 visum
1606 3764 1703 3847 sit,
1773 3765 1928 3852 quid
1989 3787 2161 3829 nunc
2222 3766 2467 3830 mnasci

364 3930 408 3982 a)
443 3942 470 3972 a
501 3942 654 3975 ecorr.
744 3929 791 3981 b)
819 3935 920 3980 poet
951 3931 1051 3971 add.
1159 3928 1199 3981 0)
1235 3939 1380 3982 orum,
1412 3933 1496 3982 rat,
1529 3939 1602 3980 ge,
1635 3929 1692 3967 do
1724 3928 1833 3970 abac.
1924 3927 1969 3980 d)
2003 3929 2091 3978 Hu,
2125 3929 2205 3980 cis,
2238 3939 2303 3980 os,
2338 3930 2467 3969 ovico

245 3991 356 4034 abac.
477 3989 521 4041 e)
557 4001 656 4030 can.
686 4001 798 4030 corr.
833 3999 935 4030 0011.
1055 3986 1094 4040 f)
1126 3989 1168 4030 d.
1199 3999 1260 4029 m.
1292 4001 1344 4042 c.,
1377 3989 1491 4038 quod
1521 3988 1757 4028 dominum
1788 3997 1940 4027 meum
1972 3987 2090 4027 haud
2122 3999 2207 4028 esse
2238 3988 2466 4038 tammum,

238 4061 340 4100 cap.
377 4049 417 4094 3.
447 4054 670 4090 monstrat.

397 4178 452 4247 1)
492 4183 574 4232 Ex
612 4183 799 4246 Flod.;
860 4182 928 4235 cf.
965 4181 1101 4232 Ann.
1145 4180 1200 4231 S.
1243 4178 1554 4241 Columbae,
1612 4179 1707 4231 SS.
1746 4179 1792 4242 1,
1843 4197 1895 4246 p.
1940 4178 2061 4231 105.
2214 4177 2273 4246 2)
2312 4180 2466 4231 Haec

244 4253 390 4306 solus
428 4256 705 4321 Richerus,
752 4273 816 4307 ex
853 4271 948 4308 suo
987 4254 1174 4322 procul
1214 4253 1373 4304 dubio
1413 4253 1647 4319 ingenio.
