3059 4834
679 232 984 285 monam
1023 215 1527 286 ms‘roRIARUM
1565 235 1788 285 LIBER
1827 235 1904 286 11.
2359 237 2429 286 55

241 405 349 468 31.
416 400 568 466 Otto
613 401 954 465 iniuriama
999 399 1118 464 sub
1165 401 1380 487 specie
1424 400 1577 466 fidei
1618 400 1950 468 habendae
1995 401 2371 485 dissimulat,
2448 415 2549 460 ⁹42·

961 488 1226 570 eiusque
1271 486 1658 570 conquestio,

365 587 517 652 Otto
547 588 802 672 penitus
833 586 1130 649 iniuriam
1161 585 1588 669 dissimulanS,
1632 587 1862 652 baculo
1904 589 2163 652 innixus
2195 598 2423 674 coepto

184 674 451 757 negotio
496 672 691 735 finem
736 669 888 733 dare
933 669 1162 734 stando
1219 671 1569 755 satagebat.
1655 669 1756 735 Ac
1813 671 2163 736 rationibus
2222 671 2425 738 deter-

187 757 470 836 minatiS,
514 778 630 820 rex
676 776 823 819 cum
868 753 1333 818 consultoribus
1386 776 1651 840 surgens
1706 755 2047 840 egreditur.
2136 756 2287 822 Otto
2332 757 2426 820 in-

185 841 471 904 iuriamb
517 836 800 903 Wilelmi
841 838 1398 902 vehementissime
1454 837 1881 922 dissimulans,
1940 839 2113 924 apud
2156 862 2303 904 eum
2347 838 2427 905 de

190 924 352 989 fidei
381 923 736 988 constantia
764 923 928 986 inter
957 944 1094 986 sese
1125 922 1437 988 servanda
1510 921 1808 986 lurimum
1841 922 2173 987 consultat.
2237 923 2427 988 Unde

191 1018 263 1072 et
331 1015 709 1093 conceptum
784 1005 1030 1070 facinus
1107 1007 1302 1071 variis
1367 943 1715 1070 vedborum
1779 1006 2097 1072 coloribus
2159 1005 2427 1072 obvelat.

195 1091 452 1172 Quibus
511 1090 808 1176 peractis,
868 1112 988 1154 rex
1045 1111 1192 1154 cum
1236 1089 1536 1154 Wilelmo
1594 1090 1677 1154 ad
1738 1112 1853 1154 sua
1910 1102 2169 1155 remeat.
2274 1089 2427 1155 Otto

191 1197 353 1239 vero
400 1197 545 1238 cum
589 1175 699 1237 Hu
746 1195 866 1237 one
910 1184 972 1238 et
999 1171 1268 1238 Arnulfo
1314 1174 1650 1238 consilium
1697 1174 2043 1257 conferens,
2090 1173 2169 1240 de
2197 1175 2430 1238 iniuria

191 1261 517 1343 irrogata⁰
572 1196 744 1343 apud
797 1256 938 1321 illos
997 1256 1271 1342 amplius
1331 1257 1872 1344 conquerebatur3
1926 1257 2092 1323 ultra
2148 1280 2224 1321 ae
2273 1279 2428 1321 uum

191 1354 264 1408 et
306 1343 402 1406 ius
448 1364 584 1406 sese
628 1350 913 1426 spretum
971 1363 1350 1423 memoranS,
1395 1363 1472 1404 ac
1534 1363 1748 1405 coram
1807 1342 2033 1406 amicis
2086 1364 2125 1406 a
2168 1363 2236 1405 se
2284 1340 2428 1405 ibus

191 1437 514 1508 amotum3
579 1428 820 1490 amicos
871 1446 1022 1510 ergo
1069 1427 1346 1511 compati
1390 1435 1702 1511 oportere,
1750 1427 1856 1491 et‘¹
1899 1427 2089 1489 amici
2130 1426 2429 1490 iniuriam

189 1533 380 1574 suam
425 1511 657 1575 debere
714 1509 1025 1574 arbitrari.
1123 1506 1229 1572 Ab
1290 1511 1380 1574 eis
1440 1531 1693 1595 quoque
1743 1517 1983 1574 tantam
2029 1509 2429 1574 insolentiam

189 1595 644 1678 summopere‘1
687 1615 752 1656 re
805 1591 1118 1656 ellendam
1165 1592 1392 1675 aiebat,
1441 1615 1590 1658 cum
1634 1615 1710 1657 ea
1752 1590 1999 1658 facilius
2028 1592 2111 1656 ad
2140 1615 2249 1658 eos
2287 1615 2426 1679 per-

191 1680 415 1744 venire
459 1676 687 1742 valeat.
836 1697 939 1739 am
986 1677 1094 1762 qui
1154 1676 1276 1740 sibi
1328 1679 1465 1762 regi
1522 1699 1653 1742 non
1707 1676 1987 1759 indulsit,
2048 1678 2258 1740 minus
2302 1675 2427 1742 illis

189 1761 589 1826 indulturum
605 1774 647 1825 θ.
757 1760 940 1841 Quae
1007 1761 1207 1825 oratio
1271 1760 1611 1845 plurimam
1673 1761 1981 1825 invidiam
2036 1761 2293 1860 paravit
2350 1781 2429 1824 ac

189 1848 439 1910 amicos
481 1846 546 1909 in
606 1843 821 1909 odium
878 1843 1164 1908 Wilelmi
1219 1845 1533 1926 incitavit,
1601 1861 1777 1908 cum·
1807 1854 1871 1909 et
1929 1845 2074 1929 ips1,
2132 1845 2428 1930 quamvis

188 1929 481 2012 latenter,
527 1929 587 1994 ei
629 1928 975 1993 admodum
1020 1927 1398 1993 inviderent.
1466 1927 1621 1993 Otto
1665 1949 1783 1991 rex
1827 1927 1909 1990 ad
1954 1949 2069 1991 sua
2111 1928 2318 1992 rediit.

299 2051 401 2117 32.
465 2047 862 2114 Deliberatio
905 2048 1203 2132 Hugonis
1249 2056 1312 2111 et
1351 2045 1604 2110 Arnulfi
1648 2046 1727 2110 de
1774 2056 1974 2111 morte
2017 2044 2323 2110 Wilelmi.

361 2151 559 2258 Hugo
595 2159 658 2214 et
687 2148 1011 2229 Arnulfus,
1060 2148 1215 2233 quid
1258 2149 1486 2212 facturi
1517 2147 1819 2213 Wilelmo
1859 2156 2087 2228 essent,
2120 2146 2429 2211 delibera·

189 2237 372 2298 bant.
476 2235 546 2297 si
602 2255 749 2296 eum
804 2232 1020 2317 gladio
1078 2232 1388 2312 occidant,
1445 2232 1527 2295 ad
1586 2232 1798 2294 omnia
1850 2253 1988 2295 sese
2041 2231 2181 2294 fieri
2238 2253 2431 2330 expe-

189 2318 460 2381 ditiores
501 2315 784 2397 aiebant3
865 2338 1080 2399 regem
1122 2315 1313 2379 etiam
1343 2314 1423 2377 ad
1459 2314 1909 2400 quodcumque
1938 2313 2155 2378 volent
2181 2313 2429 2378 facilius

189 2399 568 2481 inflexuros,
625 2401 677 2462 si
721 2401 775 2462 is
820 2397 1024 2463 solum
1079 2409 1318 2485 pereat,
1374 2421 1498 2484 quo
1554 2421 1673 2462 rex
1713 2399 1909 2463 fretus
1962 2398 2080 2461 *ad
2140 2419 2430 2496 quaeque

189 2483 372 2548 flecti
414 2492 720 2582 nequeat3
787 2484 842 2547 si
894 2492 1108 2548 autem
1152 2503 1280 2546 non
1322 2482 1637 2564 occidant,
1682 2481 2033 2546 discordias
2064 2492 2256 2568 atque
2284 2481 2428 2546 htes

185 2569 331 2632 sine
383 2566 580 2632 dublo
633 2577 1076 2653 proventuraS,
1121 2588 1197 2630 ac
1253 2567 1350 2630 his
1394 2563 1741 2631 occasione‘
1790 2587 2034 2631 emersa
2085 2564 2426 2630 multorum

184 2662 474 2738 stragem
516 2650 814 2716 futuram.
911 2650 1000 2715 At
1056 2650 1282 2715 horum
1337 2661 1679 2736 utrumque
1730 2651 2160 2736 perniciosum
2214 2672 2430 2715 cense-

187 2737 379 2817 bant,
446 2757 594 2800 cum
648 2735 715 2799 in
772 2735 1092 2799 occisione
1149 2733 1474 2799 homicidii
1528 2745 1741 2799 reatus
1799 2733 2185 2799 redundaret
2242 2744 2307 2798 et
2363 2735 2429 2798 in

186 2820 623 2885 reservatione
666 2819 933 2883 tirannis
976 2819 1190 2882 futura
1231 2826 1589 2904 appareret.
1674 2819 1779 2883 De
1822 2819 2142 2883 occisione
2170 2817 2429 2882 tandem

185 2905 506 2990 persuasi,
565 2912 924 2989 patraturos
983 2902 1229 2966 facinus
1287 2904 1670 2982 accersiunt,
1729 2902 1862 2967 vim
1927 2925 2007 2966 ne
2057 2903 2170 2967 otii
2229 2900 2430 2986 expli·

188 2999 434 3070 canteS,
478 2997 670 3073 atque
712 2989 778 3050 in
822 2986 1196 3053 Wilelmum
1241 2988 1573 3050 coniurare
1632 2987 1891 3051 faciunt.
2054 2987 2196 3049 uius
2239 2985 2429 3049 inter-

189 3072 488 3137 fectionis
547 3071 740 3135 series
796 3093 949 3134 mox
1010 3070 1185 3156 apud
1245 3071 1608 3135 coniuratos
1662 3071 1753 3134 ita
1797 3070 2179 3156 disponitur,
2234 3079 2304 3134 ut
2346 3068 2428 3134 ab

190 3155 465 3220 Arnulfo
508 3154 702 3241 legati
746 3155 1160 3235 mitterentur,
1208 3155 1316 3241 qui
1373 3175 1490 3241 pro
1550 3153 1865 3238 colloquio
1919 3153 2117 3218 multa
2158 3153 2429 3217 necessi-

189 3251 328 3305 tate
371 3241 437 3303 in
480 3242 778 3325 proximo
829 3237 1124 3303 habendo
1181 3259 1219 3300 a
1268 3238 1354 3302 ud
1400 3237 1769 3304 Wilelmum
1828 3237 2057 3302 idonee
2111 3236 2170 3300 le
2218 3237 2429 3300 atione

187 3325 630 3424 fungerentur.
735 3322 842 3386 De
906 3331 1191 3406 tempore
1301 3329 1695 3406 quaererent,
1813 3320 2066 3383 uandoz
2130 3258 2253 3382 ssffii
2319 3316 2430 3381 ob·

191 3407 584 3474 veniendum
648 3405 829 3470 foret.
945 3405 1233 3468 Locumh
1297 3425 1448 3468 vero
1516 3425 1699 3468 secus
1812 3405 2031 3468 uvium
2094 3400 2428 3466 Summam

191 3501 507 3579 peterent.
595 3491 741 3571 Qua
783 3491 921 3576 ipse
965 3509 1004 3550 a
1047 3497 1214 3552 terra
1267 3489 1412 3552 suai
1475 3486 1696 3571 egredi
1751 3495 1814 3552 et
1867 3485 2267 3550 collocuturis
2322 3483 2432 3548 ob-

192 3577 419 3641 venire
477 3575 867 3658 dignaretur.
962 3571 1092 3652 Qui
1145 3581 1293 3657 post
1337 3593 1484 3635 uam
1543 3569 1891 3651 adveniret,
1949 3579 2013 3634 et
2066 3567 2147 3632 ab
2207 3567 2431 3632 amicis

193 3669 508 3745 exceptus
554 3669 738 3739 esset,
784 3657 864 3721 de
893 3656 1220 3720 amicitiak
1265 3678 1308 3741 p
1334 3655 1629 3736 urimum,
1672 3653 1941 3718 multum
1972 3653 2164 3718 etiam
2194 3652 2275 3716 de
2304 3651 2431 3718 fide

193 3752 649 3831 proponerent.
734 3741 822 3806 Et
864 3741 1017 3827 quia
1058 3749 1210 3804 tunc
1255 3739 1385 3802 suis
1430 3739 1700 3823 stipatus
1743 3736 2011 3825 pervadi
2038 3759 2169 3801 non
2195 3744 2430 3823 posset,

320 3869 366 3922 a.)
397 3871 428 3911 i.
462 3869 720 3910 dissimulat
754 3870 794 3908 1.
910 3865 959 3918 b)
992 3865 1354 3907 benivolentiam
1390 3887 1442 3895 —
1472 3866 1698 3906 simulans
1734 3867 1776 3905 1.
1899 3864 1941 3917 o)
1976 3875 2097 3914 quse
2127 3864 2199 3904 illi
2229 3864 2433 3912 irrogata

197 3941 229 3970 a.
258 3930 481 3972 wilelmo
520 3929 672 3969 fuerat
714 3937 818 3968 cum
850 3926 908 3965 ab
951 3936 1008 3966 eo
1047 3934 1239 3974 surgere
1287 3934 1315 3963 a.
1355 3923 1473 3964 lecto
1518 3928 1702 3964 coactus
1742 3925 1801 3965 sit
1842 3934 1915 3975 ap.
1948 3925 2001 3964 ill
2017 3950 2169 3966 ......
2202 3920 2434 3962 violenter

197 3990 410 4038 agitabat
439 3988 808 4037 indignationem
841 3986 879 4025 1.
973 3982 1019 4036 d)
1049 3988 1148 4034 post
1178 3982 1277 4022 add.
1371 3980 1414 4033 e)
1447 3983 1648 4032 luraque
1678 3983 1799 4024 delet.
1916 3981 1953 4035 f)
1988 3987 2035 4024 et
2065 3984 2170 4022 loco
2195 3985 2298 4031 poet
2330 3980 2433 4020 add.

201 4047 250 4098 c)
287 4053 334 4090 et
362 4058 454 4098 quo
479 4045 700 4096 postadd.
819 4042 868 4096 h)
900 4044 961 4084 Et
1003 4043 1162 4084 atille
1195 4052 1279 4092 per
1321 4042 1499 4091 legatos
1541 4041 1804 4082 habendum
1842 4042 2081 4093 indicaret,
2126 4041 2193 4080 its.
2231 4039 2289 4080 ad
2334 4040 2433 4080 eius

199 4111 360 4147 votum
399 4107 584 4157 penitus
626 4104 952 4154 susciperetur,
987 4102 1105 4144 illud
1131 4104 1310 4141 tantum
1341 4100 1617 4142 concederet
1648 4105 1698 4140 ut
1731 4102 1781 4151 13
1825 4101 1979 4151 quibus
2009 4101 2155 4140 deletis
2187 4099 2360 4139 Locum
2384 4118 2429 4128 —

198 4169 432 4214 peterent.
497 4165 600 4213 Qua
637 4164 842 4212 scriptum
873 4166 948 4205 est.
1075 4159 1110 4212 i)
1154 4161 1458 4208 aliquamque
1493 4158 1551 4213 (ἲ)
1584 4159 1775 4200 deletum.
1912 4158 1961 4212 k)
1994 4160 2148 4200 dicere
2177 4169 2291 4198 corr.
2324 4167 2433 4207 que·

205 4229 326 4276 rent,
357 4225 484 4275 idque
511 4227 611 4274 post
641 4222 743 4270 del-3
776 4231 904 4272 prop.
937 4221 985 4259 in
1016 4231 1153 4271 mara.
1188 4219 1288 4260 aad.

2452 2418 2467 2439 ‘
2484 2422 2567 2464 fol.
2598 2423 2673 2466 20.
