3059 4834
739 242 1047 294 RICHERI
1085 244 1587 298 HISTORIARUM
1625 245 1848 297 LIBER
1885 247 1962 296 11.
2407 251 2474 299 57

328 408 430 472 34.
496 408 640 474 Rex
682 409 813 474 filio
860 408 1144 475 Wilelmi
1186 408 1507 475 Richardo
1554 420 1788 475 terram
1832 415 2030 497 patris
2077 415 2388 480 concedit.
2495 437 2594 479 943.

12 524 22 578 i
411 509 551 574 Nec
595 510 793 577 multo
887 522 987 576 ost
1028 523 1091 578 et
1134 514 1271 577 eius
1314 511 1517 576 filium
1563 511 1642 576 de
1686 511 2020 579 Brittanna
2063 518 2470 603 *concubina,
2495 528 2605 574 ’ἰοὶ
2640 533 2729 575 20¹·

12 585 14 623 Ψ
235 594 501 658 nomine
566 595 803 660 Richar
850 619 980 679 um,
1040 598 1181 682 regi
1242 596 1589 677 deducunt,
1652 598 1820 681 gesti
1883 600 2120 683 negotii
2186 601 2473 668 ordinem

234 676 616 763 pandentes.
680 681 824 744 Rex
866 679 1287 746 adolescentis
1324 680 1709 766 elegantiam
1737 680 2091 765 advertenS,
2133 683 2477 752 liberaliter

239 761 507 848 excipit,
571 764 971 848 provinciam
1014 787 1053 828 a
1094 775 1275 851 patre
1328 765 1582 851 pridem
1626 787 1985 850 possessam
2040 769 2098 832 ei
2140 767 2416 854 largiens
2428 783 2474 837 ³.

234 845 534 910 Potiores
567 869 820 933 quoque
852 850 962 934 qui
994 870 1138 913 cum
1168 848 1643 913 adolescentulo
1673 861 2076 915 accesserant
2105 875 2220 937 per
2250 876 2474 920 manus

238 940 312 994 et
356 941 824 996 sacramentum
877 933 1045 1017 regis
1102 933 1281 998 fiunt.
1367 932 1572 998 Multa
1617 955 1697 997 ue
1755 935 1924 1020 regis
1968 933 2344 1002 liberalitate
2388 940 2476 1003 io-

236 1013 535 1094 cundati,
585 1016 918 1080 'recedunt
981 1016 1343 1081 Rodomum
1359 1018 1407 1081 b.
1514 1015 1574 1080 A
1602 1019 1647 1081 ii
1710 1040 1862 1082 vero
1936 1018 2473 1086 Nortmannorum

234 1096 635 1162 Richardum
700 1099 783 1162 ad
846 1122 1065 1185 regem
1132 1101 1431 1166 transisse
1494 1100 1920 1186 indignanteS,
1987 1102 2070 1167 ad
2127 1104 2474 1190 Hugonem

236 1181 474 1246 ducem
518 1184 875 1249 concedunt
896 1197 937 1247 ¹.

234 1299 347 1365 35.
412 1302 555 1366 Rex
593 1324 633 1365 a
672 1305 803 1369 suis
833 1304 1197 1369 Rodomum
1240 1305 1588 1369 accersitur
1630 1327 1705 1369 ac
1745 1327 1893 1370 cum
1931 1308 2156 1393 piratis
2196 1309 2474 1376 dimicat.

412 1404 542 1485 Qui
604 1415 818 1470 autem
882 1407 1052 1492 regis
1116 1416 1332 1492 partes
1396 1405 1769 1491 tuebantur,
1890 1432 1959 1474 er
2017 1409 2260 1496 legatos
2327 1435 2472 1476 eum

234 1489 621 1554 accersitum
664 1491 942 1554 Rodomi
986 1491 1284 1555 decenter
1332 1491 1710 1577 suscipiunt.
1817 1431 1947 1558 [1])ὺί
1995 1515 2140 1558 cum
2185 1496 2243 1559 ei
2285 1496 2473 1562 refer-

233 1581 437 1654 retur,
482 1596 698 1658 regem
741 1575 1091 1661 piratarum
1124 1574 1374 1640 Setrich
1419 1596 1564 1638 cum
1610 1575 1812 1640 classe
1857 1578 2157 1663 copiosa0
2199 1579 2469 1644 fluvium

234 1653 607 1742 Sequanam
665 1660 731 1722 in
778 1682 1041 1742 ressum,
1104 1681 1181 1724 ac
1239 1661 1375 1724 eius
1431 1658 1664 1724 ducem
1721 1660 2205 1726 Thurmodumd
2256 1685 2472 1729 conse-

234 1748 508 1824 quenter
572 1765 737 1807 nava
760 1743 903 1808 ibus
970 1745 1171 1828 copiis
1226 1743 1580 1825 advenisse,
1646 1753 1720 1807 ut
1775 1745 2016 1830 absque
2075 1769 2142 1811 re
2192 1747 2246 1811 is
2304 1749 2472 1812 dono

235 1824 458 1887 omnia
498 1827 852 1910 pervadant
893 1837 1087 1912 atque
1133 1826 1414 1906 defuncti
1472 1827 1655 1891 ducis
1713 1827 1916 1892 filium
1972 1830 2053 1893 ad
2111 1831 2134 1892 i
2183 1830 2472 1897 olatriam

232 1907 551 1975 suadeant
590 1911 911 2010 ritumque
1002 1909 1256 1975 entilem
1310 1909 1634 1986 inducant,
1689 1933 1807 1973 rex
1850 1913 2067 1996 copias
2112 1914 2281 1978 unde
2326 1938 2472 1980 con-

230 1991 569 2076 grediatur
611 1993 868 2079 collig1t.
954 1934 1297 2079 {eumque
1355 1993 1847 2078 propitiaturum
1909 1994 2204 2076 confisus,
2261 1997 2473 2063 alieni-

230 2075 465 2160 genise
506 2100 654 2140 cum
696 2079 821 2142 800
864 2078 1159 2141 occurrit.
1222 2077 1310 2139 Et
1339 2076 1489 2161 quia
1520 2098 1667 2140 cum
1696 2078 1920 2160 paucis
1953 2087 2104 2159 erat,
2147 2078 2228 2142 ad
2259 2080 2472 2146 hostes

232 2158 720 2225 concludendos
786 2161 955 2225 acies
1020 2161 1089 2223 in
1156 2160 1409 2224 diversa
1473 2159 1812 2245 disponere
1877 2161 2183 2247 nequivit.
2295 2163 2480 2228 Suisf

228 2243 459 2328 itaque
519 2245 812 2328 stipatus,
873 2245 1095 2308 erectis
1153 2245 1207 2306 si
1256 2243 1353 2305 nis
1414 2265 1489 2306 ac
1537 2243 1800 2308 densato
1857 2245 2111 2328 agmine
2166 2248 2473 2332 procedit.

234 2324 534 2390 Gentiles
581 2348 836 2413 quoque
881 2327 1100 2392 ordine
1130 2265 1407 2413 peffiestri
1451 2326 1849 2392 incedebant.
1936 2328 2176 2414 Propin
2225 2342 2474 2397 uantes-

291 2430 372 2471 ue
415 2410 620 2492 patrio
665 2433 841 2475 more
885 2412 953 2474 in
1012 2412 1218 2496 primo
1278 2410 1556 2474 tumultu
1613 2433 1794 2476 enses
1838 2412 2097 2476 iaciunt.
2181 2353 2246 2496 Q

231 2430 557 2558 gensitate
612 2496 855 2580 equites
912 2497 1163 2560 territos
1222 2516 1299 2558 ac
1358 2496 1676 2559 sauciatos
1731 2495 1871 2576 rati,
1939 2518 2088 2560 oum
2149 2498 2368 2583 clipeis
2413 2511 2474 2566 et

228 2574 383 2640 telis
424 2589 867 2661 prosecuntur.
933 2577 1021 2644 At
1050 2581 1263 2677 regius
1295 2581 1615 2664 equitatus
1633 2591 1679 2661 8,
1725 2581 1971 2643 ensium
2000 2582 2170 2647 nube
2209 2583 2473 2670 dilapsa,

228 2657 589 2758 clipeorum
636 2663 991 2727 obiectione
1034 2672 1171 2745 tuti,
1217 2664 1282 2726 in
1323 2662 1574 2748 pedites
1626 2663 1930 2728 feruntur.
2017 2664 2116 2728 Ac
2161 2666 2408 2734 densati
2425 2671 2472 2752 ¹¹,

228 2765 409 2808 acies
464 2747 802 2810 sternendo
867 2756 1059 2832 atque
1115 2746 1539 2811 interimendo
1593 2747 1848 2813 indivisi
1907 2760 2243 2834 penetrant
2296 2776 2471 2840 egre-

232 2827 649 2915 diunturque.
738 2831 1109 2916 Rursusque
1152 2832 1445 2916 regressi,
1501 2840 1838 2916 penetrant
1907 2856 1983 2897 ac
2048 2834 2468 2923 disrumpunt.

228 2912 481 2997 Regem
528 2936 783 2999 quoque
832 2914 1078 2979 Setrich
1126 2935 1271 2978 cum
1315 2914 1619 2980 violentia
1662 2915 1814 2980 belli
1842 2918 1911 2981 in
1938 2917 2158 3003 fugam
2190 2931 2470 3005 cogeret,

230 2997 307 3059 in
349 2995 609 3064 dumeto
664 3019 820 3062 mox
872 3009 1179 3084 repertus,
1239 2997 1441 3063 tribus
1497 2998 1738 3064 lanceis
1781 3021 1820 3063 a
1861 3000 2226 3087 palantibus
2271 3014 2471 3070 trans-

230 3079 407 3144 fixus
452 3090 565 3146 est.
665 3081 1075 3146 Thurmodus
1130 3105 1281 3148 vero
1336 3105 1483 3147 cum
1529 3083 1740 3148 adhuc
1800 3085 1865 3148 in
1920 3089 2264 3150 certamine
2320 3089 2468 3153 totis

230 3165 483 3230 viribus
542 3173 858 3252 ageretur,
908 3165 989 3230 ab
1047 3165 1377 3232 Ludovico
1438 3168 1588 3252 equi
1641 3169 2003 3253 impetentis
2062 3181 2320 3256 pectore
2375 3181 2472 3236 est

233 3246 540 3314 deiectus.
642 3253 850 3330 Quem
910 3271 1057 3313 cum
1116 3273 1233 3315 rex
1291 3251 1536 3335 impetu
1638 3253 1941 3334 reteriret,
1999 3275 2121 3316 nec
2177 3275 2322 3317 eum
2379 3255 2470 3318 di-

231 3344 548 3416 nosceret,
594 3343 657 3398 et
697 3335 779 3399 ab
816 3333 1103 3398 hostibus
1132 3335 1460 3419 impetitus
1489 3335 1558 3397 in
1613 3355 1730 3398 oco
1761 3343 1956 3399 staret
1986 3337 2469 3421 comminusque

235 3415 630 3502 confligeret,
673 3416 1083 3481 Thurmodus
1126 3419 1257 3481 suis
1303 3418 1594 3503 stipatus,
1638 3439 1858 3501 regem
1900 3439 1939 3479 a
1981 3426 2162 3500 tergo
2208 3421 2470 3503 appetit,

232 3499 570 3586 factusque
625 3501 683 3565 ei
742 3501 997 3582 dexter,
1106 3523 1173 3566 er
1225 3498 1461 3564 loricae
1518 3503 1839 3564 manicam
1952 3509 2068 3564 ene
2127 3523 2328 3587 usque
2382 3503 2467 3568 ad

234 3584 478 3651 sinistri
518 3584 733 3650 lateris
774 3606 1035 3671 ypocun
1082 3585 1245 3647 riam
1286 3584 1509 3648 lancea
1553 3583 1814 3648 sauciat.
1961 3606 2045 3649 ex
2086 3584 2286 3650 multa
2316 3587 2469 3652 cede

234 3667 321 3733 ab
366 3691 440 3734 eo
463 3669 707 3756 impetu
736 3667 1065 3755 paulisper
1096 3667 1395 3749 dimotus,
1426 3668 1818 3732 sauciantem
1847 3669 2127 3754 respicit.
2199 3671 2468 3759 Ictuque

234 3751 304 3814 in
349 3751 645 3818 dextram
675 3753 1021 3840 obliquato,
1066 3752 1476 3838 provocantis
1506 3762 1702 3838 caput
1740 3772 1885 3815 cum
1916 3752 2180 3818 humero
2213 3755 2466 3821 sinistro

2249 2438 2474 2480 UOI'Um

9 3879 39 4009 ἰ·
356 3915 403 3968 ιι)
434 3917 631 3967 largitur
662 3919 703 3958 1.
821 3915 869 3968 b)
903 3917 1167 3958 Rodomunt
1195 3927 1232 3956 c.
1350 3912 1392 3966 c)
1426 3915 1574 3956 multa
1605 3916 1648 3955 1.
1759 3913 1806 3966 d)
1839 3916 1996 3959 Tui-m.
2022 3927 2238 3966 super-scr.
2257 3917 2400 3958 littera
2421 3919 2468 3959 h.

237 3971 551 4082 εἷοζὶῒξῖῦο
584 3987 625 4018 a..
663 3979 702 4017 1.
808 3975 847 4028 f)
878 3974 983 4017 Suis
1018 3997 1068 4006 —
1105 3973 1316 4024 procedit
1345 3975 1393 4014 in
1422 3984 1561 4024 mam.
1593 3975 1694 4016 add.
1799 3971 1849 4026 g)
1876 3975 2105 4015 exercitus
2139 3977 2179 4018 1.
2280 3973 2329 4028 h)
2364 3987 2470 4016 con·

389 4144 445 4215 1)
492 4149 648 4199 Haec
688 4165 753 4200 ex
795 4148 953 4202 Flod.
992 4149 1129 4213 9433
1170 4149 1319 4200 euius
1359 4148 1717 4200 narrationem
1769 4163 1817 4200 c.
1857 4147 1943 4200 35.
1981 4147 2142 4200 valde
2182 4149 2462 4216 ampliavit

238 4225 295 4272 et
333 4235 397 4273 eo
438 4220 771 4287 deformavit,
810 4223 954 4288 quod
991 4221 1349 4274 Thur-modum
1389 4220 1582 4274 ducem
1623 4221 1816 4274 Setrici
1855 4221 2002 4276 dicit.
