3059 4834
644 255 712 306 18
1149 253 1454 304 RICHERI
1492 251 1996 304 HISTORIARUM
2032 249 2254 302 LIBER
2289 251 2336 300 1.

516 439 621 480 980.
643 420 811 487 culfo
867 420 1151 485 eiusdem
1220 419 1395 485 urbis
1474 421 1809 506 episcope,
1889 440 2080 483 conse
2128 427 2347 483 uenter
2419 416 2862 482 admittuntur.

642 505 925 570 Armatis
964 505 1179 590 itaque
1223 504 1680 584 circumdatae,
1723 500 2063 566 concilium
2150 510 2496 566 esertorum
2555 503 2864 586 stupenti-

641 588 763 654 bus
819 587 1064 652 cunctis
1119 596 1424 674 penetrat.
1521 587 1888 672 Factusque
1942 584 2274 650 terribilis:
2329 584 2496 650 ‘Ubi'
2514 632 2530 665 ,
2574 587 2862 671 inquam,

642 677 761 737 ‘est
818 670 1114 735 dominus
1169 693 1347 735 meus
1388 670 1570 735 rex'?
1623 670 1732 732 Ex
1788 679 1960 734 tama
2012 668 2230 734 multis
2271 670 2457 755 pauci
2514 668 2862 733 admodum

642 754 1070 841 respondendi
1110 755 1277 819 vires
1316 753 1616 835 habuere,
1660 755 1688 795 ¹²
1706 775 1847 817 sese
1888 754 2141 838 penitus
2183 754 2482 838 deceptos
2525 753 2664 818 rati.
2733 753 2864 834 Qui

642 851 857 907 tamen
899 861 1048 902 cum
1078 838 1321 904 viribus
1361 838 1661 902 resumtis
1689 837 2000 902 dicerent:
2045 837 2241 902 ‘Intro
2287 858 2434 900 cum
2462 838 2685 922 paucis
2717 858 2864 902 con·

643 923 849 988 sultat’
861 971 878 1004 ,
931 920 1456 1007 metropolitanus
1516 922 1678 986 ostio
1736 920 2024 985 obserato
2081 921 2214 984 vim
2268 921 2474 985 infert.
2561 919 2862 1018 Serisque

642 1005 1090 1094 pessumdatis,
1134 1018 1319 1069 cum⁰
1360 1006 1586 1091 paucis
1629 1003 1956 1070 sedentem
1982 1005 2284 1090 repperit.
2369 1002 2650 1091 Captum
2692 1026 2862 1069 emm

644 1089 1011 1156 custodibus
1052 1087 1351 1154 adhibitis
1395 1088 1713 1174 ergastulo
1756 1087 2232 1188 deputaverant.
2319 1087 2464 1169 Quo
2503 1087 2863 1174 metropoli-

642 1185 828 1240 tanus
870 1195 1065 1237 manu
1106 1173 1544 1259 apprehenso:
1589 1171 1808 1254 ‘Veni',
1850 1173 2072 1258 inquit,
2117 1178 2282 1254 (τως,
2340 1172 2593 1272 tuisque
2697 1173 2864 1237 otius

643 1261 857 1323 utere'.
942 1257 1030 1322 Et
1071 1258 1163 1321 sic
1203 1278 1244 1319 a
1285 1255 1767 1343 metropolitano
1807 1279 1844 1321 e
1888 1254 2279 1320 desertorum
2341 1256 2552 1321 med10
2597 1278 2630 1320 e
2678 1265 2862 1320 uetus

643 1351 756 1407 est.
840 1341 1024 1406 Tunc
1078 1342 1270 1406 etiam
1328 1363 1567 1427 equum
1619 1339 1969 1405 ascendens
1984 1388 2001 1421 ,
2058 1362 2207 1404 cum
2272 1341 2434 1404 1500
2475 1350 2863 1404 armatorum

642 1427 724 1490 ab
758 1426 917 1492 urbe
960 1426 1160 1490 exivit
1198 1433 1391 1510 atque
1408 1426 1437 1466 ‘¹
1475 1425 1711 1489 Remos
1754 1424 2026 1489 devenit.
2109 1424 2264 1488 Post
2291 1423 2472 1487 cuius
2515 1423 2863 1488 discessum

642 1510 995 1574 desertores
1011 1508 1039 1550 ⁴¹
1082 1507 1329 1594 pudore
1374 1507 1641 1589 confusi,
1685 1504 1902 1571 illusos
1929 1529 2068 1571 sese
2096 1506 2611 1592 indignabantur.
2700 1507 2864 1572 Con-

643 1592 896 1677 fusique
913 1605 938 1634 ⁰
991 1590 1074 1655 ad
1130 1590 1508 1656 Rotbertum
1567 1591 1833 1655 redeunt
1883 1599 2075 1675 atque
2129 1613 2266 1654 rem
2327 1613 2456 1655 non
2509 1593 2660 1656 satis
2718 1613 2864 1677 pro-

648 1698 831 1762 spere
874 1683 1120 1760 gestam
1162 1675 1470 1740 desertori
1526 1674 1890 1759 transfugae
1946 1684 2289 1759 reportant.
2383 1673 2661 1739 Karolus
2712 1697 2864 1739 vero

646 1781 763 1824 rex
820 1780 966 1822 cum
1023 1756 1508 1843 metropolitano
1563 1757 1830 1843 aliisque
1885 1759 2142 1842 paucis,
2201 1759 2310 1844 qui
2364 1780 2405 1822 a
2446 1781 2512 1822 se
2571 1757 2830 1859 quidem
2849 1759 2870 1801 f

648 1843 1037 1925 defecerant,
1096 1843 1480 1927 sapientium
1537 1852 1752 1906 tamen
1807 1840 2069 1906 consilio
2121 1841 2206 1906 ad
2261 1863 2328 1906 se
2368 1865 2608 1907 reversi
2665 1851 2862 1924 erant,

646 1925 942 2012 Belgicae
971 1938 1001 1980 8
1040 1927 1341 1991 interiora
1394 1926 1628 2013 repetit
1696 1947 1773 1990 ac
1835 1924 2129 2011 Tungros
2146 1926 2175 1967 ¹¹
2227 1925 2536 1991 concedit.
2633 1926 2864 2012 Ibique

646 2011 946 2096 episcopo
986 2019 1138 2074 tunc
1179 2009 1499 2092 defunct0,
1543 2008 1938 2091 Hilduinum,
1982 2008 2254 2095 eligente
2298 2009 2466 2074 clero
2508 2032 2585 2073 ac
2621 2008 2863 2096 populo

644 2093 915 2176 favente,
1006 2116 1075 2158 er
1115 2093 1662 2179 archiepiscopum
1691 2093 2155 2157 Herimannum
2196 2092 2516 2179 presulem
2562 2094 2864 2175 ordinati,

644 2179 853 2241 virum
903 2176 949 2241 li
996 2176 1231 2242 eralem
1287 2200 1365 2241 ac
1428 2187 1788 2258 strenuum,
1855 2175 1969 2241 sed
2039 2176 2393 2242 factiosum.
2487 2179 2654 2242 Nam
2711 2200 2864 2242 mox

648 2264 985 2347 episcopus
1031 2261 1373 2343 ordinatuS,
1416 2262 1493 2326 iis
1513 2271 1540 2303 ἃ
1581 2260 1880 2345 Belgicae
1921 2261 2320 2347 principibus
2360 2262 2518 2347 quik
2560 2261 2864 2327 Rotberto

646 2345 796 2409 duci
835 2346 903 2408 in
941 2347 1109 2432 regis
1151 2344 1506 2410 abiectione
1548 2344 1847 2410 favebant
1887 2366 2041 2409 mox
2081 2345 2288 2410 haesit
2329 2355 2392 2410 et
2431 2345 2613 2428 favit,
2719 2344 2863 2410 luri-

645 2451 821 2494 mum
877 2451 1025 2494 cum
1088 2430 1181 2494 eis
1242 2439 1463 2494 contra
1526 2452 1596 2494 re
1642 2451 1742 2493 em
1818 2427 2207 2493 machinans.
2307 2429 2396 2493 At
2411 2432 2439 2459 ¹*
2492 2452 2610 2494 rex
2715 2433 2861 2494 ono¹

646 2534 906 2577 suorum
932 2535 1084 2577 usus
1115 2512 1397 2594 consilio,
1420 2535 1542 2612 per
1636 2513 1916 2578 eriveum
1933 2524 1975 2554 ¹¹¹
1996 2512 2552 2598 metropolitanum
2574 2513 2803 2580 ducem
2819 2527 2860 2557 ¹¹²

428 2598 503 2652 ἰι
526 2601 627 2643 ⁶¹¹⁷·
645 2595 1092 2660 Heinrieumm·
1108 2597 1184 2676 **,
1227 2601 1249 2624 *
1307 2597 1376 2660 ui
1415 2619 1483 2659 m
1515 2596 1797 2660 Saxonia
1815 2597 1902 2627 *²²*
1940 2596 2232 2661 omnibus
2263 2607 2534 2682 preerat,
2576 2599 2862 2664 accersit.

646 2679 774 2742 Hic
816 2681 985 2744 enim
1026 2678 1108 2743 ab
1144 2679 1270 2744 Rot
1314 2682 1490 2744 erto÷
1534 2699 1897 2765 persuasus,
1942 2700 2089 2742 cum
2132 2679 2272 2744 aliis
2313 2679 2396 2745 ab
2440 2703 2589 2765 rege
2635 2681 2864 2747 disces-

647 2770 830 2830 serat.

699 2901 800 2966 23.
887 2897 1314 2986 Conquestio¹²
1356 2901 1619 2966 Herivei
1661 2901 2034 2966 Remensis¹²
2075 2901 2586 2988 metropolitanin
2628 2903 2803 2989 apud

1166 2985 1543 3048 Heinricum
1562 2997 1610 3026 ¹¹·
1634 2987 1687 3028 ἢ
1729 3006 1848 3070 pro
1890 2984 2129 3050 Karolo
2170 3008 2339 3072 rege.

810 3085 1015 3150 Penes
1068 3108 1256 3172 quem
1310 3085 1831 3172 metropolitanus
1887 3089 2028 3152 vice
2080 3089 2251 3173 regis
2304 3089 2397 3152 sic
2462 3109 2639 3153 orsus
2656 3100 2682 3132 ⁰
2735 3089 2862 3155 ait:

647 3167 1022 3249 ‘Hactenus,
1079 3171 1177 3234 vir
1225 3168 1620 3236 nobilissime
1636 3219 1653 3253 ,
1708 3180 1820 3234 tua
1875 3170 2243 3256 prudentia,
2287 3181 2399 3236 tua
2439 3170 2812 3238 liberalitate
2829 3185 2862 3226 Ρ

645 3271 777 3338 pax
816 3252 1203 3338 principum,
1244 3253 1581 3318 concordia
1611 3255 1892 3317 omnium
1922 3254 2159 3320 utiliter
2185 3255 2473 3320 floruere.
2560 3255 2649 3321 At
2687 3266 2862 3341 post·

789 3413 838 3483 *)
875 3417 947 3467 At
981 3417 1265 3468 Remorum
1302 3416 1696 3483 metropolitani
1731 3417 1953 3466 Herivei
1992 3418 2213 3470 consilio
2251 3434 2376 3470 usus
2416 3417 2575 3485 (corr.
2615 3434 2712 3486 per
2747 3435 2860 3470 me·

878 3490 1253 3557 tropolitanum
1285 3485 1696 3555 Hermannum),
1751 3488 2106 3542 Gislebertum
2145 3488 2250 3558 (2),
2294 3493 2386 3558 qui
2422 3492 2476 3540 in
2516 3492 2742 3558 Belgica
2779 3491 2860 3559 (2)

881 3564 1120 3614 omnibus
1149 3564 1325 3630 potior
1361 3568 1490 3627 erat,
1528 3573 1626 3629 per
1655 3561 1860 3628 legatos
1885 3567 2130 3616 accersit.
2203 3565 2310 3614 Hic
2337 3566 2476 3616 enim
2504 3565 2570 3616 ab
2597 3566 2860 3616 Heinrieo

880 3651 1163 3702 persuasus
1202 3651 1323 3686 cnm
1360 3635 1479 3686 aliis
1516 3635 1784 3686 nonnullis
1810 3635 1879 3687 ab
1904 3651 2032 3702 rege
2066 3638 2421 3689 discesserant
2457 3636 2615 3704 (corr.
2655 3639 2860 3690 disces·

880 3705 1063 3774 serat).
1136 3708 1209 3759 Et
1234 3709 1524 3759 accersitus
1551 3723 1670 3759 cum
1697 3707 1862 3759 multo
1886 3709 2086 3761 honore
2113 3716 2239 3762 ante
2263 3726 2443 3777 regem
2471 3711 2766 3763 admittitur
2807 3713 2860 3765 1.

765 3775 839 3843 “)
878 3780 1231 3832 Gislebertum
1272 3782 1321 3832 1.
1465 3778 1565 3848 *“)
1601 3779 1682 3831 ita
1719 3781 1781 3844 23
1821 3781 2048 3849 Belgica
2086 3779 2162 3850 (⁸2)
2206 3785 2253 3835 1.

789 3848 837 3917 †)
876 3852 955 3903 ita
991 3855 1059 3917 23
1098 3854 1354 3905 Heinrico
1398 3855 1447 3906 1.
1593 3851 1666 3919 ἢ)
1705 3853 1784 3904 ita
1820 3855 1852 3904 2
1891 3855 1950 3906 in
1985 3857 2093 3907 loco
2131 3873 2274 3908 raso.

760 3994 807 4049 a)
831 4002 933 4048 poet
962 3998 1060 4039 add.
1176 3995 1224 4050 b)
1258 3997 1350 4046 Qui
1378 4001 1536 4040 tamen
1565 4011 1602 4041 s.
1639 4001 1680 4051 1,
1711 4011 1824 4040 corr.
1859 4002 1902 4041 2.
2021 4000 2063 4055 e)
2098 4012 2137 4042 c.
2170 4002 2347 4042 duobus
2377 4005 2553 4044 tantum
2586 4006 2626 4044 1.
2733 4002 2780 4055 d)
2807 4014 2858 4044 a.

641 4057 697 4097 Β.
728 4056 773 4098 d.
806 4057 854 4096 in
883 4068 1017 4107 mara.
1121 4053 1165 4109 e)
1196 4058 1403 4105 Iratique
1435 4059 1477 4110 1,
1508 4069 1622 4100 corr.
1657 4059 1698 4099 2.
1799 4056 1836 4110 f>
1863 4060 1913 4099 in
1941 4071 2076 4110 nmo-9.
2107 4061 2207 4100 add.
2297 4059 2343 4114 g)
2371 4061 2420 4102 in
2451 4063 2503 4103 B.
2535 4061 2779 4111 superiora
2811 4065 2860 4104 1.

640 4113 687 4168 h)
717 4115 915 4166 Tungris
947 4117 992 4156 1.
1109 4116 1145 4169 i)
1176 4117 1407 4157 ordinavit
1437 4119 1479 4169 1,
1509 4128 1620 4156 eoo-r.
1654 4119 1694 4159 2.
1812 4114 1862 4169 k)
1895 4129 1941 4167 q.
1972 4129 2074 4159 cum
2101 4119 2318 4160 Rotberto
2349 4120 2463 4161 duce
2492 4131 2648 4170 regem
2679 4121 2868 4160 abiece-

642 4178 748 4215 rant
777 4176 819 4226 1,
860 4185 972 4216 corr.
1005 4174 1045 4214 2.
1162 4173 1197 4226 1)
1229 4176 1276 4215 b.
1309 4186 1347 4219 s.
1376 4187 1422 4218 u.
1458 4187 1495 4215 c.
1524 4176 1574 4215 in
1603 4187 1740 4226 marn.
1860 4176 1924 4229 m)
1955 4178 2054 4218 haec
2085 4179 2127 4220 2.
2237 4175 2288 4230 n)
2319 4179 2401 4233 tio,
2447 4179 2584 4230 ensis,
2635 4181 2730 4230 ani,
2776 4190 2864 4220 um

638 4233 751 4275 abac.
875 4231 921 4286 ο)
952 4243 979 4274 e
1008 4244 1121 4275 corr.
1241 4232 1290 4286 p)
1320 4235 1508 4276 liberali
1539 4235 1727 4283 ingenio
1759 4237 1803 4276 1.
