3059 4834
689 264 997 316 RICHERI
1032 265 1541 318 HISTORIARUM
1575 265 1800 318 LIBER
1836 267 1942 317 111.
2370 266 2474 316 107

232 431 550 517 phisicam
608 440 672 495 et
723 429 1149 515 theologicam
1207 453 1567 518 aequaevas
1624 431 1832 497 eidem
1875 434 2097 517 generi
2164 434 2429 499 subesse
2455 456 2472 517 3
2494 450 2597 495 oso.

237 538 462 580 earum
517 525 732 580 autem
787 536 993 600 genus
1058 517 1150 580 eis
1220 514 1572 602 aequaliter
1641 518 2063 603 participare3
2148 539 2269 583 1100
2335 517 2475 583 fieri

233 622 462 685 posse,
538 620 737 663 unam
800 599 1198 685 eandemque
1261 601 1540 686 speciem
1608 622 1739 663 una
1802 600 2151 700 eademque
2228 605 2474 667 ratione

235 683 450 749 eidem
494 705 523 748 s
573 684 734 748 eciei
777 691 841 747 et
882 704 1104 767 parem
1149 704 1289 747 esse
1333 693 1398 749 et
1430 695 1502 749 ut
1529 683 1895 749 inferiorem
1924 707 2058 750 acsi
2083 686 2305 771 generi
2334 708 2475 773 spe-

233 768 404 833 ciem
449 706 798 832 sussiaoere.
867 767 956 831 Et
997 789 1118 851 ego
1165 767 1422 853 quidem
1467 766 1549 833 de
1591 767 1689 832 his
1719 769 1809 837 ita
1837 770 2061 835 senti0.
2134 768 2476 835 Caeterum

234 852 295 915 si
339 852 483 938 quis
527 861 748 916 contra
794 849 953 916 haec
994 851 1356 933 contendat,
1401 852 1716 917 rationem
1758 852 1907 916 inde
1938 853 2211 935 affectet,
2255 853 2475 919 faciat—

233 958 368 1021 que
408 957 526 999 nos
554 933 926 1019 intelligere,
973 935 1146 1021 quod
1175 936 1460 1000 fortassis
1487 946 1754 1000 naturae
1796 938 1999 1023 ipsius
2038 938 2202 1001 ratio
2235 938 2476 1002 nemini

231 1018 454 1083 adhuc
496 1017 836 1083 contulisse
879 1018 1173 1084 videtur'.

891 1175 992 1241 60.
1079 1174 1536 1260 Philosophiae
1582 1175 1830 1241 divisio.

404 1293 513 1359 Ad
566 1293 728 1360 haec
784 1295 1064 1375 Otricus,
1107 1296 1408 1360 innuente
1462 1304 1760 1380 augusto,
1817 1298 1909 1360 sic
1951 1298 2067 1362 ait:
2134 1297 2478 1377 ‘Quoniam

229 1376 682 1465 philosophiae
773 1389 939 1443 artes
983 1378 1225 1465 aliquot
1249 1378 1534 1443 breviter
1562 1382 1847 1468 attigisti,
1890 1380 1975 1445 ad
2002 1381 2263 1466 plenum
2295 1403 2478 1466 opor-

232 1470 332 1526 tet
371 1471 443 1527 ut
485 1471 549 1527 et
593 1463 726 1527 divi
773 1484 844 1527 as
889 1473 952 1527 et
994 1463 1373 1527 divisionem
1418 1464 1673 1528 enodes,
1761 1463 1999 1551 Sicque
2041 1465 2182 1530 fieri
2225 1466 2476 1552 poterit,

233 1555 312 1609 ut
353 1568 437 1611 ex
479 1545 802 1631 probabili
844 1544 1156 1611 divisione
1197 1548 1468 1612 vitiosae
1511 1547 1758 1631 figurae
1804 1550 2085 1634 suspicio
2114 1572 2155 1613 a
2181 1559 2245 1613 te
2275 1571 2478 1615 remo-

234 1633 500 1694 veatur'.
565 1630 748 1694 Tunc
838 1653 1050 1717 uoque
1095 1628 1481 1696 Gerbertus:
1527 1632 1716 1697 ‘Cum
1760 1632 1920 1715 hoc’,
1965 1634 2191 1719 inquit,
2239 1635 2477 1719 ‘magni

235 1723 506 1795 constet,
549 1723 770 1799 utpote
858 1716 1173 1778 ivinarum
1219 1722 1284 1779 et
1326 1713 1749 1779 humanarum
1800 1739 2013 1781 rerum
2065 1717 2478 1805 comprehen-

236 1799 336 1861 sio
380 1799 684 1880 veritatis,
729 1808 962 1881 tamen,
1006 1808 1080 1862 ut
1120 1820 1240 1863 nec
1285 1821 1402 1863 nos
1446 1800 1745 1884 ignaviae
1787 1822 2134 1885 arguamur
2190 1811 2253 1866 et
2299 1801 2478 1865 audi-

234 1891 450 1947 torum
515 1880 713 1967 aliqui
776 1882 1088 1970 proficere
1159 1882 1408 1969 possint
1429 1931 1446 1965 ,
1519 1883 1874 1947 secundum
1938 1884 2216 1948 Vitruvii
2280 1895 2348 1948 at
2394 1907 2475 1949 ue

233 1966 452 2030 Boetii
493 1966 870 2031 divisionem
915 1966 1127 2031 dicere
1169 1988 1300 2030 non
1339 1966 1609 2052 pigebit.
1694 1966 1815 2029 Est
1857 1968 2027 2030 enim
2070 1967 2367 2052 philosop
2415 1969 2478 2031 ia

233 2072 462 2135 genuS.
552 2049 754 2114 Cuius
799 2053 1044 2137 species
1089 2060 1237 2114 sunt
1278 2050 1561 2135 practice
1606 2058 1669 2114 et
1712 2049 2078 2114 theoretice.
2152 2052 2476 2116 Praetices

235 2156 394 2198 vero
437 2135 684 2219 species
716 2133 860 2198 dico
893 2134 1409 2218 dispensativam,
1454 2133 1948 2214 distributivam,
1994 2134 2269 2199 civilem.
2337 2133 2474 2199 Sub

236 2217 585 2283 theoretice
626 2239 778 2281 vero
822 2240 951 2281 non
995 2222 1345 2303 incongrue
1389 2216 1827 2302 intelliguntur
1868 2216 2117 2301 phisica
2150 2216 2476 2302 naturalis,

241 2301 692 2367 mathematica
734 2300 1148 2387 intelligibilis
1191 2323 1268 2365 00
1312 2300 1634 2385 theologia
1662 2300 2134 2366 intellectibilis.
2204 2304 2476 2366 Rursus-

245 2407 373 2472 que
393 2387 901 2451 mathematicam
925 2387 1045 2452 sub
1069 2385 1314 2471 phisica
1333 2408 1461 2449 non
1483 2395 1699 2473 preter
1718 2387 2030 2450 rationem
2054 2384 2479 2451 collocamus'.

244 2542 346 2606 61.
430 2541 864 2628 Reprehensio
922 2542 1250 2607 divisionis
1304 2542 1388 2607 ab
1443 2541 1667 2641 Qtrico
1721 2531 1994 2626 inutilis,
2046 2564 2123 2605 ac
2179 2540 2479 2607 Gerberti

1186 2647 1536 2712 responsio.

409 2726 733 2815 Nisusque
792 2728 965 2814 quod
1021 2727 1338 2815 reliquum
1384 2740 1521 2794 erat
1563 2730 1887 2815 prosequi,
1951 2729 2207 2795 Otricus
2262 2726 2479 2793 subin-

240 2809 418 2876 tulit:
480 2813 733 2895 ‘Miror’,
792 2813 1106 2899 inquienS,
1159 2811 1758 2895 ‘vehementissime,
1804 2814 1978 2899 quod
2019 2812 2305 2899 phisicae
2349 2834 2479 2875 1110-

239 2895 651 2960 thematicam
695 2898 787 2962 sic
831 2895 913 2961 de
956 2918 1074 2983 pro
1123 2898 1318 2983 inquo
1364 2896 1726 2979 subdidisti,
1773 2919 1921 2961 cum
1949 2898 2115 2962 inter
2142 2907 2480 2995 utramque

241 2979 680 3046 subalternum
709 3004 912 3067 genus
941 2982 1072 3045 inte
1098 2981 1211 3067 ligi
1238 2983 1443 3068 possit
1468 2980 1868 3068 phisiologia.
1900 2981 2220 3046 Vitiosum
2245 2990 2479 3045 etenim

240 3062 431 3129 valde
473 3063 744 3147 videtur,
787 3067 844 3129 si
872 3067 1063 3130 nimis
1091 3064 1282 3150 longe
1311 3068 1513 3151 petita
1544 3087 1692 3151 pars
1723 3065 1807 3129 ad
1837 3068 2087 3150 generis
2119 3064 2481 3129 conferatur

240 3148 659 3217 divisionem'.
724 3147 833 3212 Ad
874 3148 1032 3214 11000
1066 3147 1448 3214 Gerbertus:
1491 3149 1709 3232 ‘Inde',
1751 3150 1978 3235 inquit,
2020 3150 2481 3215 ‘vehementius

239 3233 605 3298 mirandum
647 3232 920 3317 videtur,
963 3232 1138 3317 quod
1179 3232 1694 3298 mathematicam
1750 3233 2055 3319 phisicae,
2108 3255 2260 3298 suae
2302 3233 2481 3296 vide-

239 3315 398 3381 licet
441 3338 736 3399 coaevae,
796 3326 869 3381 ut
924 3340 954 3379 s
1002 3318 1201 3381 eciem
1261 3316 1677 3381 subdiderim.
1779 3315 1947 3380 Cum
2007 3319 2176 3380 enim
2243 3336 2479 3380 coevae

243 3399 368 3464 sub
412 3399 641 3466 eodem
683 3423 917 3485 genere
1014 3400 1342 3482 abeantur,
1402 3402 1663 3482 maiore,
1719 3400 1788 3463 in
1834 3420 2003 3481 uam,
2061 3399 2479 3463 admiratione

241 3484 511 3570 dignum
553 3484 823 3567 videtur,
868 3486 925 3549 si
963 3482 1145 3547 alteri
1186 3483 1385 3548 altera
1405 3483 1733 3549 subdatur.
1860 3483 1942 3547 ed
1983 3482 2149 3565 dico,
2179 3481 2479 3568 phisiolo-

293 3570 306 3583 '
351 3591 419 3632 m
460 3568 744 3654 phisicae
786 3590 989 3653 genus
1031 3590 1163 3631 non
1206 3589 1345 3631 esse
1389 3566 1932 3653 quemadmodum
1974 3568 2298 3653 proponis,
2342 3564 2480 3630 nul-

241 3590 502 3737 fflque
546 3675 767 3717 earum
811 3652 1233 3717 differentiam
1262 3650 1451 3715 aliam
1480 3673 1715 3733 asser0,
1759 3654 1885 3715 nisi
1914 3672 2056 3715 eam
2090 3673 2281 3737 quam
2312 3652 2480 3716 inter

242 3735 715 3823 philosophiam
760 3747 823 3800 et
878 3734 1295 3822 philologiam
1353 3757 1696 3820 cognosco.
1782 3734 2090 3820 Alioquin
2130 3734 2481 3820 philologia

242 3819 685 3907 philosophiae
725 3842 928 3906 genus
974 3819 1378 3885 conceditur'.
1442 3819 1549 3883 Ad
1592 3818 1752 3884 haec
1796 3817 2278 3884 scolasticorum
2320 3815 2480 3879 mul-

242 3904 453 3971 titudo
527 3904 967 3992 philosophiae
1047 3904 1430 3968 divisionem
1523 3905 1946 3988 interruptam
2025 3900 2484 3987 indignabatur

245 4012 519 4075 eamque
573 4013 642 4055 re
693 3990 777 4054 eti
828 3988 1005 4074 apud
1057 3998 1400 4073 augustum
1442 3986 1722 4074 petebat.
1812 3987 2071 4052 Otricus
2122 4007 2278 4050 vero
2334 3993 2483 4086 post

294 4072 580 4138 aululum
606 4076 631 4137 i
678 4094 779 4137 em
808 4073 1224 4160 repetendum
1250 4071 1523 4153 dicebat,
1554 4073 1733 4156 prius
1757 4080 1971 4135 tamen
1992 4068 2211 4135 habita
2236 4080 2479 4134 ratlone

243 4096 329 4222 <Ple
387 4180 582 4222 causa
636 4159 838 4243 ipsius
889 4155 1346 4243 philosophiae.
1432 4154 1905 4241 Intendensque
1958 4156 2027 4219 in
2071 4152 2479 4236 Gerbertum,

248 4263 415 4325 quae
460 4252 628 4307 esset
670 4262 865 4306 causa
903 4239 1361 4328 philosophiae,
1406 4238 1869 4305 sciscitabatur.
