3059 4834
660 269 970 321 RIOHERI
1009 269 1511 322 HISTORIARUM
1549 271 1773 321 LIBER
1811 271 1918 323 ΙΙΙ.
2351 271 2453 319 111

218 459 574 524 paucorum
644 447 797 501 tunc
850 438 1141 501 notitiam
1197 437 1532 522 pervenire
1585 437 1813 522 potuit,
1877 437 2036 501 adeo
2108 448 2182 502 ut
2237 448 2458 503 euntes

219 543 523 608 quorsum
582 522 920 587 nescirent.
1005 521 1294 585 Tandem
1350 519 1652 586 collectus
1707 521 2023 586 exercitus
2076 522 2170 585 sic
2223 520 2456 586 densus

216 604 575 684 incedebat,
618 615 689 669 ut
732 616 942 671 erecta
985 603 1236 669 hastilia
1275 603 1493 668 lucum
1536 605 1748 689 potius
1780 626 1970 689 quam
2000 627 2177 669 arma
2206 616 2457 691 porten-

217 688 459 755 derent.
529 688 677 754 Ibat
720 711 873 774 ergo
917 710 1035 774 per
1078 710 1315 753 cuneos
1344 687 1656 753 simbolo¹
1691 689 2040 753 distinctos.
2109 689 2273 754 Cum
2301 712 2453 754 vero

213 774 385 838 vada
412 773 634 837 Mosae
679 773 1195 854 transmisissent,
1241 773 1644 838 centuriones
1677 773 2043 837 constituti³
2073 783 2135 837 et
2164 773 2454 872 dispositi

260 879 333 921 er
390 857 706 922 centurias
724 906 739 939 ,
787 856 1089 923 Ottonem
1144 879 1275 920 non
1324 856 1745 920 sufficientem
1801 854 2037 922 habere
2081 867 2452 941 exercitum,

209 881 551 1026 diligenter
604 939 1015 1026 contemplati
1060 950 1225 1005 sunt.
1316 939 1588 1027 Itaqueb
1633 939 2023 1005 accedebant
2063 939 2454 1026 multamque

206 1026 495 1111 inopiam
540 1025 634 1089 rei
678 1023 967 1089 militaris
1009 1047 1049 1088 a
1094 1024 1184 1088 ud
1226 1023 1472 1089 hostem
1515 1021 1956 1109 predicabant.

385 1111 485 1174 70.
574 1109 757 1189 Quae
802 1109 956 1173 dum
999 1129 1037 1170 a
1125 1129 1310 1172 aures
1342 1107 1598 1172 Ottonis
1639 1107 2018 1193 referuntur,
2061 1107 2184 1191 ille,
2229 1117 2453 1194 utpote

206 1204 352 1260 crat
405 1192 636 1257 audaci
692 1193 936 1274 animo,
1001 1192 1377 1257 Lotharium
1439 1215 1594 1255 num
1644 1214 1794 1256 uam
1856 1191 2016 1257 haec
2079 1214 2453 1278 aggressum

202 1277 579 1364 respondit,
643 1299 763 1341 nec
818 1298 973 1342 vero
1016 1277 1083 1339 in
1128 1298 1275 1341 suas
1315 1285 1530 1361 partes
1573 1299 1611 1340 a
1657 1286 1916 1341 ventare
1958 1277 2262 1360 potuisse,
2307 1297 2453 1341 cum

202 1383 332 1426 nec
376 1361 435 1426 ei
480 1383 555 1424 co
605 1361 669 1423 ia
710 1360 984 1425 militum
1015 1359 1353 1441 sufficeret,
1397 1382 1516 1425 nec
1549 1359 1629 1424 de
1658 1361 1789 1424 suis
1819 1361 1972 1425 satis
2001 1361 2140 1445 spei
2171 1359 2451 1425 haberet.

200 1445 300 1510 At
344 1466 491 1509 cum
531 1384 639 1507 alii
683 1454 875 1531 atque
921 1442 1029 1508 alii
1070 1443 1444 1509 Lotharium
1496 1444 1627 1508 iam
1672 1443 1894 1508 adesse
1953 1443 2238 1509 dicerent
2280 1454 2344 1509 et
2383 1445 2452 1508 in

202 1551 287 1595 eo
332 1538 843 1614 perseverarent,
901 1528 1054 1594 Otto
1108 1526 1350 1593 dixisse
1406 1527 1625 1610 fertur,
1682 1551 1749 1592 se
1793 1529 1878 1590 ad
1918 1528 2018 1591 his
2062 1527 2451 1594 credendum

200 1612 379 1678 nullo
422 1611 613 1676 modo
705 1634 844 1677 osse
886 1612 1076 1694 allici,
1132 1612 1259 1676 nisi
1310 1614 1450 1699 ipse
1506 1633 1759 1698 quoque
1812 1611 2096 1676 videndo
2154 1635 2270 1698 per
2312 1634 2451 1678 sese

199 1697 582 1762 addisceret.
715 1698 857 1782 quis
901 1719 1052 1783 ergo
1098 1695 1456 1761 inclamatis
1486 1706 1551 1760 et
1577 1696 1890 1779 adductis,
1937 1697 2089 1762 Otto
2120 1696 2204 1760 ad
2233 1694 2449 1761 viden-

201 1782 404 1846 dum⁰
467 1783 800 1866 processit.
916 1781 1289 1844 Lotharium
1361 1802 1510 1844 cum
1569 1781 1780 1844 ‘20000
1842 1781 2079 1845 instare
2152 1778 2446 1845 advertit.

202 1858 557 1950 Cffgffiabat
597 1865 813 1949 itaque
855 1886 1026 1928 nunc
1068 1865 1274 1946 reniti,
1325 1886 1499 1928 nunc
1545 1885 1800 1948 quoque
1853 1862 1939 1926 ad
1979 1872 2234 1948 tempus
2276 1886 2449 1928 rece-

203 1949 379 2031 dere,
425 1960 490 2014 et
530 1958 679 2034 post
722 1969 869 2012 cum
914 1948 1201 2012 exercitu
1244 1947 1505 2030 copioso
1549 1948 1783 2011 reverti
1825 1945 2270 2011 meditabatur.

379 2035 479 2097 71.
565 2030 854 2096 Tandem
868 2031 916 2113 (¹,
961 2031 1111 2128 quia
1138 2029 1483 2094 Lotharius
1506 2031 1792 2114 urgebat,
1838 2038 2004 2092 stare
2046 2050 2178 2092 non
2220 2029 2448 2114 potuit.

201 2115 541 2182 Abscessit
582 2138 650 2180 er
698 2136 733 2178 o
778 2136 910 2178 non
937 2136 1073 2178 sme
1099 2113 1399 2194 lacrimis,
1445 2134 1594 2176 cum
1621 2133 1826 2176 uxore
1855 2111 2214 2198 Teuphanu
2243 2134 2310 2176 re
2401 2113 2448 2176 i-

252 2224 332 2266 ue
374 2200 653 2285 principi
702 2220 799 2281 ηε,
843 2195 1065 2262 relicto
1122 2195 1361 2294 palatio
1405 2206 1598 2281 atque
1640 2197 1818 2280 regio
1863 2206 2177 2280 apparatu
2193 2196 2240 2258 ἃ.
2385 2218 2448 2260 o-

201 2297 232 2350 t
279 2285 450 2348 arius
495 2302 641 2344 cum
685 2282 971 2346 exercitu
1011 2280 1210 2361 affmt,
1256 2278 1558 2345 Ottonem
1603 2302 1670 2344 se
1715 2289 2052 2364 capturum
2094 2290 2289 2344 ratus.
2361 2279 2450 2345 Et

206 2377 381 2433 certe
413 2386 527 2430 coe
575 2365 744 2447 isset,
789 2365 843 2429 si
886 2364 954 2427 in
998 2365 1220 2428 itinere
1264 2385 1405 2428 sese
1436 2365 1754 2428 exercitus
1782 2363 2062 2448 angariis
2091 2384 2221 2428 non
2249 2364 2448 2449 impe-

208 2451 426 2514 disset.
571 2469 674 2511 am
718 2452 775 2513 si
816 2457 963 2513 ante
1005 2449 1141 2513 eius
1200 2446 1550 2512 discessum
1605 2447 1812 2533 pridie
1863 2446 2245 2528 advenisset,
2300 2469 2448 2512 eum

208 2544 321 2598 aut
391 2554 622 2618 capere
693 2543 803 2597 aut
864 2533 1008 2598 neci
1074 2531 1225 2596 dare
1288 2533 1620 2617 potuisset.
1727 2529 2042 2595 Palatium
2104 2532 2127 2595 i
2176 2531 2302 2596 itur
2363 2530 2444 2595 ab

204 2615 499 2680 hostibus
562 2626 925 2702 occupatur.
1030 2616 1271 2701 Regiae
1326 2637 1587 2680 mensae
1649 2624 2034 2680 evertuntur.
2193 2615 2445 2680 iborum

202 2709 552 2786 apparatus
610 2722 727 2784 per
784 2699 1035 2766 calones
1096 2700 1413 2785 diripitur.
1503 2700 1706 2785 Regia
1761 2720 2015 2786 quoque
2067 2699 2348 2784 insignia
2401 2721 2443 2763 a

192 2783 631 2871 penetralibus
689 2793 911 2870 erepta
966 2792 1390 2870 asportantur.
1475 2783 1755 2848 Aeream
1812 2782 2110 2869 aquilam,
2169 2805 2333 2870 quae
2375 2784 2443 2847 in

194 2869 437 2933 vertice
480 2866 704 2954 palatii
745 2891 785 2933 a
825 2867 1071 2933 Karolo
1129 2867 1370 2952 Magno
1433 2868 1565 2931 acsi
1608 2866 1832 2932 volans
1890 2867 2024 2931 fixa
2080 2878 2218 2933 erat
2232 2875 2290 2950 0,'
2334 2872 2356 2894 *
2373 2869 2442 2931 in

193 2948 565 3016 vulturnum
620 2963 1084 3018 converterunt.
1171 2950 1339 3016 Nam
1399 2951 1706 3016 Germani
1761 2974 1905 3016 eam
1961 2952 2031 3015 in
2082 2951 2441 3017 favoniumt

193 3044 657 3118 converterant,
702 3034 1017 3103 subtiliter
1037 3037 1089 3101 si
1185 3037 1490 3117 ‘ficanteS,
1524 3035 1744 3101 Gallos
1781 3057 1896 3099 suo
1927 3035 2214 3122 equitatu
2244 3057 2440 3122 quan-

194 3118 411 3218 doque
453 3141 643 3205 posse
698 3119 951 3184 devinci
971 3132 1016 3185 ².
1091 3057 1462 3200 ffltharius.
1504 3119 1738 3184 frustra
1779 3120 2024 3205 impetu
2064 3118 2261 3202 fact0,
2306 3121 2441 3194 sine

195 3202 422 3267 obs1de
465 3202 568 3268 vel
612 3224 772 3288 pace
816 3211 1145 3288 sequestra
1187 3205 1540 3268 exercitum
1581 3203 1858 3284 reduxit,
1901 3210 2125 3287 postea
2167 3225 2236 3267 se
2278 3201 2441 3266 redi-

190 3296 414 3350 turum
457 3287 803 3351 confidens.

368 3371 449 3434 72
464 3382 511 3435 8.
601 3370 774 3452 Otto,
819 3369 923 3434 cui
964 3377 1167 3435 totum
1212 3369 1592 3434 calamitatis
1634 3366 1888 3454 pondus
1931 3365 2175 3432 illatum
2218 3367 2442 3450 fuerat,

194 3454 384 3518 donis
427 3452 888 3540 multiplicibus
930 3451 1272 3538 multisque
1313 3450 1642 3518 favoribus
1687 3472 1836 3515 suos
1880 3450 2005 3515 sibi
2031 3449 2442 3516 assciscebat.

193 3539 287 3602 Et
328 3547 549 3623 utpote
591 3537 891 3603 vincendi
934 3535 1207 3621 cupidus
1224 3584 1241 3618 ,
1298 3536 1356 3600 si
1399 3557 1562 3621 quos
1616 3533 1864 3618 leserat,
1908 3533 2271 3618 revocabat,
2328 3544 2444 3600 aut

195 3622 450 3687 reddito
499 3621 670 3708 quod
716 3619 1075 3702 sustulerat,
1120 3629 1233 3684 aut
1276 3620 1424 3684 dato
1458 3619 1632 3718 quod
1663 3618 2111 3705 spoponderat.
2181 3619 2439 3684 Pacatis

196 3716 414 3770 autem
470 3706 766 3770 omnibus
806 3713 997 3803 atque
1052 3703 1178 3768 sibi
1218 3712 1552 3786 revocans,
1611 3705 1668 3767 si
1765 3704 1833 3767 ui
1874 3702 2079 3768 forteh
2121 3704 2438 3769 abscesse-

194 3798 358 3872 rant,
422 3811 768 3875 regnorum
832 3787 1234 3875 prmcipibus
1298 3789 1367 3850 in
1428 3809 1629 3851 unum
1687 3808 1763 3852 co
1811 3788 1999 3870 ectis,
2066 3807 2283 3852 coram
2343 3787 2436 3851 sic

193 3873 450 3939 locutus
493 3882 621 3939 est:

319 4036 365 4090 a)
399 4038 435 4078 ti
467 4041 513 4078 et
542 4037 586 4076 d.
620 4047 641 4076 e
671 4046 786 4076 corr.
906 4032 955 4086 b)
990 4035 1251 4076 centuriati
1281 4036 1313 4080 i.
1346 4037 1386 4075 1.
1492 4032 1537 4086 c)
1571 4045 1675 4074 cum
1705 4029 1995 4085 principibu·-
2027 4033 2126 4075 add.
2162 4035 2200 4073 1.
2309 4030 2356 4084 d)
2388 4033 2438 4074 in

198 4108 336 4147 mar-9.
370 4101 668 4147 armamentum
698 4095 899 4134 deletum:
932 4093 1135 4148 Ruga..
1154 4123 1166 4135 .
1186 4092 1235 4145 .).
1358 4090 1403 4144 ο)
1434 4104 1526 4136 voe.
1559 4103 1745 4133 erasum.
1838 4092 1876 4144 f)
1911 4094 1962 4133 in
1994 4091 2154 4133 Gallos
2183 4094 2224 4145 1,
2255 4103 2372 4136 corr.
2391 4093 2434 4135 8.

197 4154 247 4207 ε)
271 4153 347 4197 Tm·
371 4157 420 4196 in
450 4166 587 4204 mar-9.
707 4152 754 4206 h)
784 4154 814 4193 f.
848 4154 1005 4194 animo
1040 4156 1081 4196 1.

351 4249 407 4317 1)
446 4249 483 4304 i.
524 4266 567 4303 e.
606 4247 821 4301 vexillo.
973 4247 1033 4313 2)
1073 4248 1155 4302 cf.
1194 4249 1428 4302 Thietm.
1465 4248 1571 4316 111,
1614 4249 1665 4313 6,
1703 4265 1755 4316 p.
1800 4247 1922 4300 ⁷61.

2476 460 2579 502 9⁷8.

2460 2886 2478 2908 ‘
2492 2890 2573 2932 rol.
2607 2891 2697 2933 380.
