3059 4834
618 271 721 322 128
1087 261 1393 324 RICHERI
1428 271 1931 324 HISTORIARUM
1968 271 2191 322 LIBER
2226 271 2362 324 1111.

494 463 594 506 ese.
617 438 915 525 Sepultus
958 449 1054 506 est
1080 439 1297 504 Remis
1340 441 1407 504 in
1451 439 1758 504 coenobio
1800 438 2259 504 monachorum
2301 441 2507 504 sancti
2537 440 2843 526 Remigii,

360 545 761 603 -101‚421‚cum
803 533 983 610 patre
1027 531 1091 588 et
1132 534 1353 606 matre,
1410 524 1576 588 sicut
1631 529 1808 588 'ante
1863 525 2136 588 iusserat
2192 523 2356 606 suis3
2415 524 2589 610 quod
2645 526 2844 589 etiam

615 606 798 672 abest
854 608 981 671 240
1021 607 1286 672 stadiis⁸
1340 608 1421 672 ab
1468 630 1545 672 eo
1587 607 1748 690 1000,
1800 609 1868 670 in
1927 630 2053 693 quo
2104 607 2297 672 finem
2337 608 2508 673 vitae
2549 610 2842 694 accepit3

614 689 815 756 multo
888 690 1193 776 obsequio
1259 692 1700 757 universorum
1769 692 2038 777 parique
2109 691 2346 756 affectu
2407 713 2526 778 per
2587 703 2842 758 tantum

614 775 805 861 spatii
846 775 1176 840 deductus.

1279 959 1650 1025 INCIPITh
1690 959 1958 1025 LIBER
1998 959 2152 1024 1111.

783 1083 838 1144 1.
927 1079 1190 1166 Sepulto
1233 1079 1554 1162 Lothari0,
1609 1079 1975 1144 Ludovicus
2033 1079 2200 1142 filius
2261 1100 2301 1142 a
2357 1079 2520 1144 duce
2563 1079 2838 1168 aliisque

662 1164 1017 1250 rincipibus
1056 1165 1124 1227 in
1158 1185 1427 1249 regnum
1457 1163 1858 1248 subrogatur.
1913 1161 2438 1228 Circumvallatur
2471 1185 2627 1248 ergo
2647 1177 2671 1207 0
2702 1189 2835 1229 am—

616 1186 756 1312 Ritu
778 1250 1237 1312 universorum.
1297 1248 1684 1312 Promittant
1704 1246 2214 1312 benivolentiam.
2265 1245 2601 1331 Spondent
2619 1248 2835 1315 fidem.

620 1331 1009 1416 Stipatoresd
1052 1333 1244 1396 etiam
1271 1333 1446 1395 vario
1478 1331 1687 1396 cultue
1729 1331 2020 1396 facienda
2049 1328 2428 1395 dictabante.
2499 1330 2634 1394 Alii
2665 1335 2838 1398 enim

616 1418 686 1479 in
727 1414 1011 1502 palatiisf
1050 1417 1109 1480 ei
1138 1415 1547 1480 residendum
1591 1416 1952 1497 censebant,
1998 1424 2068 1479 ut
2106 1415 2428 1501 principes
2457 1415 2541 1478 ad
2572 1438 2640 1480 se
2687 1439 2835 1482 con-

617 1499 885 1565 fluentes
954 1501 1088 1564 eius
1154 1501 1426 1585 imperio
1494 1500 1911 1582 deservirent,
1984 1521 2064 1562 ne
2118 1499 2296 1583 regia
2353 1499 2632 1583 dignitas
2684 1501 2840 1567 vile-

620 1593 843 1665 sceret,
887 1585 941 1647 si
982 1583 1137 1646 alias
1179 1592 1400 1667 utpote
1442 1585 1630 1666 inops
1673 1582 1860 1648 alieni
1906 1583 2194 1669 suffragii
2222 1592 2467 1681 peteret
2496 1605 2667 1669 opes·
2750 1586 2834 1649 In

619 1668 790 1731 omni
834 1669 1026 1731 etiam
1069 1667 1375 1751 dignitate
1417 1665 1485 1729 id
1514 1689 1653 1732 esse
1697 1667 2068 1747 cavendum,
2111 1675 2190 1730 ne
2217 1689 2287 1730 m
2361 1667 2658 1731 rimordio
2689 1691 2832 1733 sus-

616 1750 785 1835 cepti
812 1750 1071 1814 honoris
1092 1751 1390 1835 segnities
1413 1760 1478 1814 et
1496 1751 1758 1836 ignavia
1776 1751 2076 1815 virtutem
2106 1751 2315 1815 haben
2359 1771 2465 1813 am
2495 1775 2570 1816 su
2615 1763 2830 1836 erent3

613 1856 763 1898 nam
808 1836 861 1898 si
901 1835 971 1899 id
1012 1835 1141 1915 fitg,
1184 1843 1382 1898 totam
1426 1835 1620 1898 etiam
1662 1856 1797 1899 rem
1838 1835 1908 1898 in
1950 1843 2384 1920 contemptum
2428 1846 2492 1900 et
2517 1837 2579 1901 v‘
2612 1836 2833 1901 'tatem

611 1918 1132 2004 pernitiosissime
1176 1918 1609 1985 deventuram.
1694 1917 1826 1983 Alii
1870 1941 1996 2005 quo
2045 1943 2124 1984 ue
2167 1941 2315 1983 cum
2357 1919 2518 1983 duce
2563 1921 2624 1984 ei
2662 1942 2834 1985 com-

612 2003 1034 2067 morandumh
1090 2003 1475 2086 asserebant,
1533 2025 1607 2068 eo
1712 2003 1841 2067 uod
1897 2004 2019 2067 ado
2045 2025 2263 2068 escens
2317 2005 2478 2067 tanti
2517 2005 2833 2091 principis

612 2086 951 2174 prudentia
994 2086 1183 2150 simul
1225 2097 1286 2152 et
1328 2089 1562 2152 virtute
1605 2089 1628 2151 i
1701 2090 1934 2151 ormari
1988 2087 2334 2172 indigeret3
2395 2087 2518 2151 sibi
2572 2111 2834 2175 quoque

610 2169 948 2235 utillimum
998 2171 1156 2253 fieri,
1212 2172 1266 2234 si
1320 2172 1597 2257 potentis
1655 2171 2058 2257 dispositioni
2107 2171 2191 2234 ad
2246 2181 2496 2258 tempus
2554 2172 2832 2256 cederet,

612 2277 758 2318 cum
823 2256 957 2319 sine
1023 2277 1098 2319 eo
1161 2276 1281 2318 nec
1342 2255 1651 2340 regnandi
1724 2257 2070 2341 potentiam
2133 2254 2368 2320 habere
2430 2278 2514 2319 ex
2579 2257 2830 2343 integro

611 2349 845 2425 posset,
894 2349 955 2404 et
1045 2362 1112 2404 er
1156 2361 1298 2402 eum
1344 2350 1597 2403 strenue
1626 2349 1816 2438 atque
1845 2338 2081 2404 utiliter
2121 2341 2334 2404 omnia
2370 2339 2824 2406 administrarii

611 2423 912 2489 valerent.
1060 2446 1160 2505 ex,
1204 2424 1491 2508 partibus
1534 2424 1785 2505 auditm,
1833 2425 2204 2488 sententiam
2249 2422 2506 2488 distulit.
2581 2424 2824 2490 Collato

612 2529 762 2572 vero
807 2528 955 2572 cum
998 2506 1159 2570 duce
1203 2506 1486 2588 consilio,
1533 2508 1592 2571 ei
1633 2506 1865 2572 abinde
1907 2517 2040 2572 tota
2074 2518 2284 2572 mente
2315 2507 2610 2572 addictus
2653 2509 2830 2575 favit.

674 2662 732 2726 2.
807 2662 1071 2727 Oratiok
1111 2663 1469 2727 Ludovioik
1510 2664 1686 2749 apud
1727 2663 1954 2728 ducem
1999 2665 2414 2749 ceterosquek
2455 2666 2755 2750 primates

1074 2748 1181 2810 ink
1224 2746 1697 2812 Adalberonem
1739 2747 2352 2832 metropolitanumk.

777 2846 973 2932 Apud
1030 2869 1219 2932 quem
1272 2847 1555 2934 aliosque
1615 2871 1806 2935 quam
1865 2871 2104 2935 paucos
2119 2899 2138 2930 ,
2197 2853 2640 2935 preteritorum
2698 2875 2836 2917 non

610 2933 942 3012 inmemor,
1002 2932 1094 2994 sic
1146 2943 1529 3030 conquestus
1587 2943 1712 2998 est:
1787 2934 1995 2999 ‘Pater
2049 2957 2230 2999 meus
2271 2935 2338 2998 in
2382 2937 2833 3020 egritudinem,

614 3035 739 3099 qua
798 3024 861 3078 et
909 3015 1120 3113 periit,
1178 3015 1506 3097 dec1dens,
1565 3016 1720 3080 mihi
1776 3019 2093 3103 precepit,
2152 3029 2222 3083 ut
2275 3028 2486 3084 vestro
2544 3020 2833 3103 consili0,

609 3106 823 3162 vestra
861 3098 1276 3182 dispositione
1318 3102 1499 3185 regni
1540 3103 2049 3186 procurationem
2080 3100 2406 3186 haberem3
2450 3116 2601 3167 vos¹
2637 3105 2836 3168 etiam

611 3180 751 3245 loco
806 3181 1122 3256 affinium,
1190 3182 1331 3248 1000
1389 3185 1768 3249 amicorum¹
1822 3184 2123 3250 ducerem
2188 3186 2468 3272 nihilque
2534 3189 2834 3274 precipui

610 3274 823 3351 preter
877 3275 1153 3331 vestram
1212 3269 1539 3332 scientiam
1597 3268 1898 3333 adorirer.
2002 3270 2073 3334 Si
2129 3280 2342 3334 vestra
2390 3271 2516 3334 fide
2568 3273 2833 3358 potirer,

611 3351 747 3415 sine
792 3349 985 3415 dubio
1032 3351 1304 3434 divitias,
1362 3353 1700 3433 exercituS,
1758 3353 2148 3418 munimenta
2189 3355 2389 3439 regni,
2445 3357 2774 3420 asserebat
2787 3369 2833 3439 ⁰,

610 3457 712 3498 me
754 3434 1139 3499 habiturum.
1228 3437 1410 3517 Quae
1457 3459 1634 3502 mens
1676 3439 1743 3500 in
1785 3459 1888 3502 me
1932 3439 2210 3502 maxime
2253 3438 2500 3502 valetm.
2567 3439 2836 3506 Placeat

608 3518 823 3604 itaque
866 3517 1198 3582 consilium
1241 3521 1643 3606 profuturum
1687 3521 1858 3604 dare,
1903 3543 2050 3585 cum
2093 3543 2132 3585 a
2159 3522 2343 3586 vobis
2373 3526 2683 3610 proposui
2726 3548 2834 3590 me

608 3624 737 3666 non
781 3601 1208 3667 discessurum
1221 3617 1269 3670 ¹¹.
1356 3605 1432 3669 In
1460 3603 1644 3669 vobis
1673 3607 1842 3668 enim
1873 3627 2086 3668 meum
2127 3604 2474 3688 consilium,
2521 3609 2830 3691 animum,

608 3685 891 3750 fortunas
935 3687 1085 3750 sitas
1130 3710 1265 3752 esse
1305 3686 1496 3752 volui.
1582 3687 1903 3753 Adalbero
1933 3688 2274 3753 Remorum
2304 3691 2831 3776 metropolitanus

727 3882 773 3935 a)
806 3886 934 3925 abest
938 3911 1114 3928 ......
1157 3887 1407 3927 stadiorum
1450 3889 1490 3928 1.
1656 3887 1704 3938 b)
1747 3889 1860 3928 linea
1901 3899 2040 3928 vacua
2080 3891 2228 3929 relicta
2262 3891 2429 3940 per-923,-
2475 3891 2510 3930 1.
2558 3892 2590 3930 1.
2637 3891 2734 3932 1111
2780 3892 2828 3931 in

608 3944 829 3992 superiore
858 3946 1050 3994 maraine
1077 3946 1201 3994 eiquo
1232 3947 1428 3996 apposito
1458 3948 1675 3996 scriptum.
1787 3946 1828 3997 0)
1859 3952 1955 3997 post
1985 3949 2088 3988 add.
2196 3946 2242 4000 d)
2275 3948 2344 3989 St.
2381 3970 2432 3979 -
2465 3951 2574 3989 dict.
2606 3951 2656 3990 in
2687 3962 2825 4000 mara.

611 3999 654 4050 e)
689 4004 777 4054 cul,
810 4004 883 4043 dic
914 4004 1025 4043 abac.
1157 4003 1195 4056 f)
1228 4015 1414 4044 suarum
1444 4007 1628 4046 urbium
1659 4007 1756 4048 add.
1791 4009 1830 4045 1.
1966 4004 2012 4057 g)
2043 4007 2107 4046 ita
2137 4019 2172 4047 c.
2321 4005 2370 4057 h)
2403 4009 2582 4049 immor.
2614 4021 2827 4059 mperscr.

610 4070 725 4099 com.
835 4063 871 4114 i)
904 4073 945 4102 a.
980 4065 1077 4111 regi
1112 4065 1150 4104 1.
1263 4061 1312 4114 k)
1345 4063 1424 4116 Or,
1454 4065 1515 4116 vi,
1548 4069 1634 4115 cet,
1674 4065 1739 4116 in,
1771 4077 1815 4104 m
1847 4066 1956 4104 abac.
2072 4065 2106 4118 l)
2137 4071 2435 4115 cognatorum
2469 4070 2508 4107 1.
2613 4068 2678 4119 m)
2711 4080 2830 4109 sem-

608 4128 783 4168 perque
814 4121 921 4160 dum
951 4122 1000 4161 in
1030 4123 1127 4161 vita
1156 4122 1287 4163 fuero
1316 4125 1604 4173 potissimum
1634 4125 1808 4173 vigebit
1837 4125 1934 4164 add.
1967 4126 2007 4166 1.
2156 4124 2204 4176 n)
2233 4125 2332 4165 fore
2363 4125 2460 4167 add.
2498 4129 2537 4166 1.

759 4247 814 4317 1)
852 4267 942 4303 vos
982 4280 1050 4290 —
1091 4253 1332 4307 ducerem
1371 4262 1424 4307 et
1460 4256 1569 4307 alia
1608 4256 1828 4309 Sallusti
1864 4264 1985 4310 sunt
2020 4260 2198 4324 verba,
2236 4260 2356 4326 lug.
2399 4273 2446 4310 0.
2492 4260 2571 4310 14.
