3059 4834
536 434 637 477 925.

423 2579 442 2598 ⁸
458 2583 538 2626 fol.
574 2585 643 2625 13.

544 3405 646 3444 926.

658 249 726 296 32
1181 244 1489 296 RICHERI
1526 243 2030 296 HISTORIARUM
2065 243 2289 294 LIBER
2327 243 2372 293 Ι.

656 414 953 478 Manasse
1007 435 1084 476 ac
1126 413 1409 476 Varnero
1466 409 1835 492 comitibus,
1891 409 2202 476 Iozselmo
2220 423 2241 457 1
2287 421 2477 497 atque
2519 410 2846 496 Ansegiso
2867 422 2895 455 ²

657 497 993 585 episcopiS,
1037 495 1197 560 adeo
1243 495 1568 578 defecisse,
1614 503 1685 558 ut
1726 517 1946 558 eorum
1975 495 2139 560 960³
2183 494 2399 579 apuda
2439 506 2724 560 montem
2763 493 2894 558 Ca-

656 581 865 645 laum4
897 589 1337 662 stemerentur,
1366 577 1652 642 nonnulli
1680 580 1855 678 capti
1881 588 2270 661 tenerentur3
2314 576 2560 664 reliqua
2584 599 2739 643 vero
2769 581 2892 642 mi-

658 688 888 729 norum
931 687 1157 729 manus
1183 662 1245 726 la
1295 684 1365 727 sa
1392 663 1686 748 profugio
1717 671 1826 740 s1t3
1868 664 2218 728 Warnerus
2247 684 2422 744 ver0,
2451 684 2614 747 equo
2647 663 2890 744 occiso,

704 772 787 813 uo
851 758 1072 814 vectus
1136 747 1265 812 fere
1314 757 1475 827 atur,
1545 747 1624 810 10
1641 758 1664 792 ⁵
1721 745 2090 811 vulneribus
2149 746 2490 831 perfOSSUS,
2553 747 2884 811 interierit.

729 835 785 896 is
827 855 947 896 rex
988 840 1217 912 motus,
1262 831 1433 895 diem
1461 827 1725 894 alteram
1767 831 1833 892 in
1863 829 2153 916 partibus
2184 829 2654 894 deliberationis
2683 840 2885 896 totam

662 917 1071 1016 consumpsit.
1157 915 1245 978 Et
1299 915 1401 978 die
1459 915 1647 979 tertia
1700 913 1906 979 edicto
1959 936 2028 978 re
2077 916 2134 978 ‘o
2188 915 2425 978 tirones
2479 936 2562 977 ex
2608 915 2884 978 citeriori

662 1000 870 1067 Gallia
940 1008 1106 1063 mtra
1177 999 1312 1062 dies
1390 998 1468 1062 15
1526 997 1799 1083 collegit.
1913 997 2007 1063 Co
2055 1007 2352 1084 ectosque
2425 1021 2572 1062 cum
2643 997 2886 1084 aliquot

659 1084 1064 1171 magnatibus
1109 1105 1300 1168 super
1341 1081 1609 1147 fluvium
1641 1082 2002 1168 Sequanam
2046 1083 2427 1146 adversariis
2470 1081 2732 1147 inducit.
2795 1081 2884 1148 At

659 1179 926 1256 pyratae
943 1170 971 1199 *
1013 1168 1285 1231 renisuri
1344 1167 1780 1248 obvenientes,
1831 1189 1870 1228 a
1915 1164 2115 1230 Gallis
2158 1168 2225 1229 in
2270 1188 2383 1230 sua
2427 1176 2634 1230 castra
2676 1167 2882 1232 redire

662 1254 869 1317 coacti
898 1262 1061 1316 sunt.
1137 1250 1306 1317 Galli
1332 1251 1646 1335 fugientes
1676 1251 1968 1331 insecuti,
1999 1251 2262 1314 eastrisb
2291 1251 2504 1334 ignem
2534 1251 2880 1332 inmittunt,

660 1337 1107 1422 congressique
1150 1334 1547 1399 vehementi⁰
1593 1335 1941 1413 conamine,
1991 1336 2196 1398 victos
2253 1342 2556 1398 sternunt.
2644 1335 2734 1398 At
2773 1334 2882 1398 alii

657 1421 814 1505 fuga
866 1419 1177 1506 pedestri,
1243 1417 1351 1481 alii
1408 1418 1706 1504 profugio
1749 1417 1960 1482 navali
2011 1417 2251 1502 elapsi‘1
2294 1419 2478 1481 suntd
2496 1467 2511 1500 ,
2577 1417 2685 1481 alii
2736 1440 2882 1482 cum

660 1505 881 1568 castris
940 1502 1245 1581 succensi,
1306 1501 1414 1564 alii
1465 1500 1631 1565 ferro
1691 1501 1808 1565 ade
1860 1502 2028 1565 3000
2081 1502 2393 1566 interfecti
2447 1512 2614 1566 sunt.
2703 1502 2880 1582 Quos

657 1581 995 1670 vero'fuga
1023 1586 1389 1668 exagitavit,
1432 1594 1581 1670 post
1609 1583 1874 1666 collecti,
1919 1583 2196 1671 quodam
2226 1587 2385 1649 suod
2429 1587 2670 1672 oppido
2701 1607 2880 1650 secus

659 1693 833 1734 mare
878 1671 999 1733 sito
1046 1667 1287 1732 collecti
1329 1677 1492 1733 sunt.
1581 1668 1702 1733 Cui
1747 1669 1936 1732 etiam
1977 1668 2206 1752 Augae
2248 1692 2482 1734 nomen
2523 1679 2660 1734 erat
2675 1682 2720 1733 θ.

893 1791 994 1854 50.
1058 1787 1339 1853 Rollonis
1380 1799 1647 1873 pyratae
1687 1790 1976 1853 interitus
2016 1811 2398 1876 suorumque
2439 1792 2643 1855 ruina.

829 1895 1119 1973 Quorum
1174 1892 1471 1976 princeps
1528 1889 1710 1954 Rollo
1777 1891 2236 1956 sufficientibus
2303 1895 2506 1978 copiis
2572 1893 2878 1980 oppidum

658 1975 951 2062 implenS,
1005 1973 1171 2039 bello
1217 1997 1353 2039 sese
1396 1974 1727 2039 manifeste
1780 1977 2048 2060 paravit.
2132 1976 2274 2040 Rex
2329 1977 2477 2041 inde
2537 1978 2877 2063 digressuS,

661 2061 1013 2124 exercitum
1056 2060 1430 2144 provocanti
1471 2059 1681 2140 infert,
1737 2060 2039 2144 congredi
2090 2082 2218 2123 non
2275 2061 2590 2124 differens,
2681 2062 2877 2161 Oppi-

661 2145 816 2209 dum
858 2166 1199 2230 aggressus
1242 2152 1356 2207 est.
1441 2143 1529 2206 Et
1573 2143 1901 2208 obsidione
1945 2143 2268 2228 disposita,
2311 2144 2547 2208 vallum
2583 2167 2709 2231 quo
2757 2167 2877 2208 cm-

706 2229 931 2292 ebatur
984 2228 1296 2312 irrumpit.
1382 2226 1596 2313 Atque
1641 2228 1732 2291 sic
1773 2229 2049 2292 tironesd
2091 2227 2452 2313 peribolum
2465 2229 2496 2272 f·
2517 2243 2538 2273 ⁷
2583 2251 2874 2294 conscen-

660 2252 902 2394 gentes,
968 2312 1367 2375 adversarios
1412 2312 1786 2397 pervadunt.
1877 2310 2260 2398 Oppidoque
2326 2315 2511 2398 potiti
2533 2314 2612 2396 **,
2678 2336 2878 2378 mares

664 2418 883 2461 omnes
912 2395 1248 2460 trucidant.
1312 2396 1598 2459 Feminis
1627 2396 1880 2460 intactis
1909 2407 2198 2480 parcunt.
2267 2397 2596 2482 Oppidum
2627 2398 2881 2462 diruunt

660 2491 851 2566 atque
917 2480 1317 2545 comburunt.
1404 2481 1604 2543 Cuius
1667 2478 1976 2543 incendiis
2039 2502 2184 2544 aere
2249 2481 2508 2545 densato
2573 2504 2651 2545 ac
2713 2482 2880 2546 deni-

707 2574 863 2645 rat0,
911 2564 979 2625 in
1007 2572 1169 2626 tetra
1199 2561 1469 2645 caligine
1512 2560 1795 2626 nonnulli
1825 2563 2182 2646 evadenteS,
2224 2565 2559 2629 finitimam
2576 2577 2606 2620 ἓ
2649 2571 2877 2651 *quan-

660 2588 813 2712 {am
866 2654 1183 2730 occupant
1237 2644 1528 2709 insulam.
1616 2647 1794 2726 Quos
1852 2647 1986 2709 sine
2044 2647 2342 2712 dilatione
2401 2651 2722 2714 exercitus
2776 2672 2878 2735 ag-

663 2752 919 2816 gressus
974 2731 1217 2814 appetit
1267 2750 1344 2792 ac
1395 2727 1608 2793 navali
1669 2750 1888 2814 pugna
1950 2730 2153 2794 victos
2217 2732 2539 2818 opprimit.
2634 2734 2879 2797 Piratae

662 2816 833 2879 vitae
878 2835 1059 2898 spem
1101 2813 1488 2893 amittentes,
1547 2811 1658 2876 alii
1700 2834 1838 2876 sese
1879 2812 2178 2879 fluctibus
2221 2817 2584 2901 inmergunt
2624 2839 2700 2880 ac
2742 2840 2879 2882 ene-

666 2908 909 2974 cantur,
977 2895 1085 2960 alii
1142 2905 1467 2960 enatantes
1520 2896 1603 2960 ab
1661 2897 2172 2963 observatoribus
2229 2898 2497 2985 iugulati
2550 2911 2714 2982 sunt,
2777 2900 2880 2964 alii

665 2982 865 3046 nimia
915 2980 1250 3044 formidine
1308 2984 1460 3044 tacti
1516 2978 1656 3044 telis
1709 2982 1986 3066 propriis
2038 3005 2175 3047 sese
2239 2993 2568 3069 appetunt.
2653 2983 2741 3048 Et
2792 2985 2878 3048 sic

668 3065 962 3130 omnibus
1016 3063 1333 3149 ademptis
1392 3064 1716 3162 predaque
1771 3064 2022 3150 direpta
2073 3089 2201 3131 non
2237 3067 2523 3150 modica,
2582 3090 2700 3133 rex
2739 3067 2878 3133 Bel-

665 3172 897 3214 vacum
938 3147 1130 3212 rediit
1170 3147 1389 3232 ibique
1431 3147 1684 3211 resedlt.

1187 3266 1287 3331 51.
1352 3267 1516 3331 Item
1560 3271 1969 3352 pyratarumh
2011 3271 2361 3335 interitush.

830 3370 990 3435 Inde
1019 3370 1235 3434 audito
1251 3371 1267 3412 i
1283 3367 1803 3434 Atrabatensium
1824 3373 2148 3455 regionem
2171 3396 2209 3436 a
2229 3374 2450 3458 piratis
2475 3374 2617 3439 aliis
2639 3376 2888 3454 vexari,

663 3463 993 3542 assumpto
1038 3455 1325 3518 exercitu
1366 3453 1448 3516 ab
1478 3452 1577 3516 his
1609 3454 1718 3539 qui
1744 3452 1888 3517 loca
1915 3457 2231 3521 maritima
2257 3456 2638 3542 incolebant,
2666 3465 2906 3554 repen-⁸.¹

662 3541 836 3605 tinus
866 3541 934 3603 in
962 3560 1070 3603 eos
1099 3538 1315 3603 fertur.
1386 3537 1640 3602 Piratae
1685 3539 2035 3603 comminus
2081 3540 2382 3626 congredi
2422 3563 2551 3606 non
2594 3544 2888 3624 ferentes,
2904 3565 2915 3618 ‘2

812 3683 859 3750 *)
897 3684 1208 3734 Nortmanni
1248 3685 1297 3734 1.
1445 3679 1517 3748 **)
1556 3683 1839 3734 Rononem
1864 3685 2034 3736 oeulis
2068 3686 2272 3737 effossis
2303 3687 2636 3752 suggillant⁸
2677 3688 2805 3741 add.
2835 3689 2891 3740 1.
2926 3732 2932 3742 ,

784 3791 831 3845 a)
849 3804 922 3843 ap.
942 3804 999 3832 m.
1017 3792 1069 3834 Ο.
1100 3793 1148 3831 in
1162 3803 1299 3841 mara.
1389 3791 1435 3842 b)
1456 3803 1493 3833 c.
1512 3793 1544 3832 i.
1563 3793 1594 3833 i.
1620 3793 1668 3832 in
1683 3804 1818 3843 mara.
1911 3793 1954 3847 e)
1985 3794 2224 3842 victosque
2253 3805 2297 3836 v.
2317 3805 2356 3834 c.
2377 3798 2431 3835 st.
2453 3797 2492 3834 1.
2585 3794 2632 3847 d)
2658 3802 2762 3846 post
2783 3796 2891 3837 add.
2924 3779 2939 3836 ἶ

665 3851 711 3904 e)
743 3855 775 3894 i.
802 3863 840 3892 s.
874 3851 933 3891 ad
965 3851 1080 3892 3000
1114 3853 1154 3892 1.
1275 3849 1311 3901 s)
1344 3862 1423 3891 mu
1452 3852 1636 3891 scribere
1664 3857 1867 3902 coeptum.
1991 3851 2038 3904 g)
2069 3864 2152 3892 vox
2179 3853 2385 3902 repetitur
2405 3853 2493 3902 sol.
2526 3855 2596 3896 13.
2718 3853 2767 3906 h)
2798 3858 2892 3904 ira,

663 3914 763 3952 inte
792 3912 907 3955 absc,
1026 3910 1061 3960 i)
1095 3911 1216 3959 qnod
1248 3911 1352 3952 del..

815 3993 870 4061 1)
908 3996 1254 4061 Lingonensi.
1404 3993 1461 4061 2)
1494 3996 1765 4048 Trecensi.
1915 3996 1972 4062 3)
2003 3995 2132 4060 plus
2163 4013 2320 4060 quam
2347 3996 2662 4064 octingentos
2704 3999 2892 4063 Flod„

666 4086 825 4136 quem
861 4075 1043 4120 noster
1079 4070 1330 4134 sequitur.
1480 4066 1541 4134 4)
1583 4069 1817 4120 ChelleS.
1969 4066 2026 4135 5)
2065 4069 2175 4119 dec.
2213 4070 2321 4121 vul.
2349 4071 2494 4138 pets.
2532 4072 2794 4123 Richerus
2836 4081 2895 4124 et

666 4142 775 4193 alia
804 4144 861 4192 in
886 4142 1229 4208 sequentibus
1266 4142 1435 4194 addit.
1588 4140 1647 4210 6)
1687 4143 1786 4193 Eu.
1939 4139 1994 4207 7)
2021 4158 2331 4207 murumque
2356 4143 2702 4210 infringentes
2727 4145 2892 4198 Flod.

666 4214 726 4284 8)
763 4216 978 4267 Richeri
1016 4215 1342 4282 figmentum.
