3059 4834
522 444 625 486 928.

396 1613 415 1633 ‘
428 1616 509 1657 fol.
542 1618 628 1658 13‘.

524 3433 623 3474 929.

468 3491 567 3535 oet.
588 3491 629 3531 7.

526 3777 625 3820 980.

643 261 713 310 34
1168 253 1468 307 RICHERI
1506 251 2011 304 HISTORIARUM
2048 250 2270 302 LIBER
2305 251 2351 302 1.

643 425 1013 490 auctoritate
1056 420 1407 510 apostolica
1445 441 1645 504 regno
1689 419 1935 482 restitui
1985 439 2202 502 regem
2243 418 2562 483 abiectum
2612 416 2874 500 iubeat3

647 511 1071 596 quicumquea
1130 507 1265 570 eius
1334 512 1638 590 precepto
1716 501 2021 588 refragari
2083 502 2258 566 nisus
2322 502 2512 567 fuerit
2528 551 2545 585 ,
2611 501 2878 567 anathe-

645 602 813 657 mate
873 600 1217 678 perpetuae
1273 587 1733 652 maledictionis
1791 586 2247 670 condempnet3
2310 607 2388 650 ac
2443 609 2560 673 pro
2617 586 2739 650 hac
2799 609 2876 649 re

646 676 961 776 episcopis
990 683 1180 774 atque
1210 672 1610 758 principibus
1642 667 1993 735 Galliarum
2028 680 2092 734 et
2121 669 2501 735 Germaniae
2531 669 2878 756 epistolam

646 762 896 846 dlrigat,
941 765 1364 823 contmentem
1423 763 1487 818 et
1541 755 1898 819 bonorumb
1942 752 2448 819 benedictionem
2507 763 2569 820 et
2620 764 2877 818 contra-

647 842 960 909 dictorum
1003 841 1529 905 maledictionem.
1572 838 1800 938 Legati
1829 860 1981 923 ergo
2004 838 2274 903 Romam
2303 847 2650 924 properant
2662 850 2708 919 ⁰,
2753 838 2878 902 sed

647 927 1064 1012 consumpto‘1
1091 924 1335 989 itineris
1362 922 1599 1005 labore,
1629 919 1784 986 mhil
1811 921 2255 986 mandatorum
2290 933 2620 1008 peragunt.
2672 922 2876 986 Nam-

690 1034 771 1076 ue
814 1032 854 1088 a
892 1010 1171 1097 prefecto
1196 1021 1215 1054 ¹
1258 1017 1482 1093 captus
1511 1027 1700 1092 papa,
1746 1027 1820 1070 eo
1908 1005 2038 1070 uod
2091 1027 2131 1068 a
2181 1028 2248 1070 se
2291 1005 2636 1092 plurimum
2684 1006 2873 1070 dissi-

693 1105 843 1176 eret,
902 1092 982 1158 ab
1038 1115 1112 1158 eo
1172 1090 1471 1156 carcerali
1532 1089 1823 1155 custodia
1865 1027 2282 1155 detinebatur.
2382 1089 2570 1155 Unde
2613 1100 2678 1154 et
2731 1091 2874 1154 sine

647 1178 977 1264 legationis
1023 1178 1253 1242 effectu
1296 1175 1585 1259 digressi,
1626 1176 1693 1238 in
1739 1172 1980 1238 Gallias
2022 1184 2400 1238 remearunt.
2487 1173 2873 1239 Heribertus

645 1284 795 1328 vero
825 1261 909 1326 ad
937 1260 1063 1325 alia
1090 1281 1228 1325 sese
1260 1260 1608 1341 conferenS,
1652 1257 1824 1343 apud
1864 1257 2207 1342 Hugonem
2221 1271 2267 1340 θ,
2311 1257 2600 1322 Rotberti
2642 1256 2870 1340 filium,

648 1345 727 1410 de
771 1345 896 1410 fide
938 1346 1103 1411 inter
1146 1365 1283 1408 sese
1340 1341 1637 1406 habenda
1679 1340 1838 1406 adeo
1885 1341 2231 1428 satagebat.
2342 1341 2551 1422 Quem
2609 1351 2673 1406 et
2727 1364 2874 1406 sua-

646 1428 931 1496 sionibus
976 1429 1316 1494 efficaciter
1358 1425 1598 1490 allicuit
1639 1446 1716 1488 ac
1759 1425 1884 1489 fide
1927 1427 2100 1511 pacti
2155 1426 2276 1491 sibi
2318 1426 2642 1490 annexuit.
2729 1425 2871 1490 Hu-

646 1514 829 1599 gonis
887 1513 1101 1598 itaque
1160 1509 1433 1576 efficatia
1489 1530 1853 1595 persuasUS,
1898 1509 1982 1573 ad
1999 1510 2020 1552 f
2056 1509 2404 1574 Rodulfum
2459 1509 2625 1574 redit
2683 1511 2872 1594 eique

645 1596 1086 1662 reconciliatus
1154 1594 1239 1657 ali
1286 1593 1526 1657 uandiu
1584 1592 1768 1657 hesit.
1855 1595 1876 1621 *
1892 1591 2094 1657 Cuius
2149 1595 2218 1656 in
2276 1591 2476 1658 multa
2517 1594 2721 1678 gratia
2762 1614 2868 1656 su-

646 1692 920 1767 sceptuS,
977 1689 1049 1743 ut
1108 1699 1175 1742 se
1275 1676 1547 1742 delitatis
1606 1686 2046 1741 exsecutorem
2103 1686 2502 1760 monstraret,
2555 1675 2872 1742 Karolum

647 1785 802 1827 mox
842 1763 1172 1827 Peronaeg
1213 1763 1281 1824 in
1326 1782 1648 1824 carcerem
1689 1762 1967 1824 retrusit.

720 1882 822 1946 55.
885 1879 1305 1946 Heribertush
1346 1883 1426 1943 ah
1467 1903 1619 1966 rege
1661 1881 2011 1945 Remenseh
2055 1883 2450 1969 episcopium
2492 1883 2742 1966 accepit
2755 1883 2808 1944 ¹¹.

813 1982 1001 2048 Unde
1059 1992 1122 2047 et
1177 1983 1259 2047 ab
1318 2006 1470 2080 rege
1526 1983 1751 2047 donari
1804 1992 2044 2069 petens,
2099 1985 2494 2070 episcopium
2551 1984 2869 2048 Remense

648 2066 766 2132 sub
825 2075 1090 2152 optentu
1146 2067 1261 2130 filii
1319 2089 1417 2131 sui
1458 2066 1671 2130 adhuc
1726 2068 1906 2152 pueri
1962 2067 2042 2132 ab
2103 2089 2175 2131 eo
2228 2069 2496 2153 accepit.
2595 2066 2763 2130 Nam
2809 2077 2874 2131 et

644 2160 796 2215 tunc
838 2151 959 2215 hac
1014 2151 1152 2215 vita
1209 2152 1429 2216 divaei
1485 2153 1831 2215 memoriae
1877 2149 2130 2215 Seulfus
2184 2150 2710 2238 metropolitanus
2765 2151 2870 2215 de-

646 2243 936 2299 cesserat.
1020 2233 1109 2298 At
1151 2238 1302 2321 quia
1340 2245 1514 2300 aetas
1559 2234 1833 2299 tenerior
1873 2257 2141 2321 puerum
2200 2236 2398 2300 sacris
2444 2235 2670 2299 officiis
2727 2256 2870 2319 pro-

642 2316 920 2401 hibebat,
944 2317 1242 2384 Odelrico
1286 2318 1558 2401 cuidam,
1603 2318 1683 2382 ab
1718 2320 2008 2404 Aquensi
2047 2319 2412 2405 episcopio²
2456 2329 2866 2404 pyratarum-'-

643 2403 1055 2467 insectatione
1113 2402 1319 2489 puls0,
1382 2426 1497 2489 pro
1559 2424 1633 2467 eo
1687 2405 2045 2468 ministrare
2104 2425 2474 2468 concessum
2533 2413 2644 2468 est.
2743 2401 2868 2467 Oui

645 2487 835 2552 etiam
892 2485 1217 2551 abbatiam
1276 2487 1480 2551 sancti
1537 2486 1856 2551 Timothei
1914 2488 2190 2551 martiris
2244 2487 2328 2551 ad
2379 2509 2531 2552 usus
2573 2487 2868 2573 proprios

643 2570 931 2635 attribuit
972 2581 1037 2634 et
1087 2571 1349 2656 insuper
1407 2571 1860 2634 canonicorum
1917 2573 2156 2635 victum
2174 2579 2200 2616 4
2257 2570 2446 2634 simul
2497 2570 2867 2656 impertivit.

644 2652 956 2718 Rodulfus
1011 2654 1251 2718 interea
1303 2675 1438 2736 rex,
1494 2663 1733 2739 quanta
1787 2654 1948 2718 foret
2001 2656 2289 2740 aequitas
2334 2678 2485 2720 suae
2529 2655 2717 2737 vitae,
2759 2653 2867 2719 de-

644 2748 995 2802 monstrare
1067 2739 1347 2823 cupiens,
1420 2738 1503 2801 ad
1572 2735 1884 2801 Karolum
1953 2739 2063 2802 ubi
2137 2741 2510 2804 servabatur
2579 2738 2867 2804 accessit.

641 2820 842 2909 Apud
910 2842 1101 2906 quem
1159 2819 1360 2885 multa
1416 2820 1495 2886 de
1554 2822 1689 2886 eius
1745 2822 2020 2886 miseriis
2086 2832 2506 2908 conquestus,
2577 2843 2868 2886 sermone

643 2903 996 3003 multiplici,
1057 2906 1111 2968 si
1153 2905 1518 2985 offenderat,
1575 2902 1949 2992 suppliciter
1990 2907 2266 2972 veniam.
2300 2906 2682 2992 postulabat.
2783 2905 2871 2969 Et

646 3010 945 3074 quoniam
1016 2990 1292 3074 suscepti
1362 2989 1688 3075 regiminis
1759 2990 2004 3075 apicem
2061 2991 2316 3075 penitus
2381 2992 2667 3056 amittere
2738 3011 2870 3054 non

642 3071 915 3154 valebat,
986 3072 1160 3158 quod
1214 3073 1375 3138 ratio
1440 3071 1805 3138 conferebat
1860 3075 1918 3137 ei
1976 3074 2270 3156 restituit,
2329 3075 2514 3139 sedes
2572 3071 2872 3139 videlicet

651 3157 877 3242 regias,
921 3155 1043 3220 hoc
1073 3166 1168 3222 est
1194 3155 1588 3222 Attiniacum
1618 3166 1680 3221 et
1705 3157 2147 3241 Pontionem⁵;
2195 3158 2414 3245 sicque
2446 3157 2870 3223 Suessionum

643 3241 967 3304 remeavit.

1424 3325 1523 3390 56.
1591 3322 1813 3388 Karoli
1857 3323 2086 3390 obitus.

804 3407 1079 3473 Karolus
1121 3418 1267 3508 post
1306 3408 1463 3472 haec
1506 3407 1679 3472 tedio
1724 3417 1789 3473 et
1827 3429 2066 3494 angore
2110 3409 2432 3491 deficienS,
2476 3411 2542 3472 in
2578 3406 2872 3473 machro-

644 3493 889 3556 nosiam
933 3491 1183 3558 decidit.
1250 3490 1777 3578 Humoribusque
1818 3493 2030 3558 noxiis
2071 3503 2363 3576 vexatUS,
2407 3502 2554 3578 post
2594 3491 2873 3557 multum
2925 3545 2934 3553 .

644 3575 1016 3660 languorem
1058 3577 1194 3642 vita
1234 3575 1521 3662 privatus
1567 3586 1678 3640 est.
1758 3575 2069 3641 Rodulfus
2100 3599 2252 3642 vero
2281 3599 2398 3642 rex
2419 3585 2682 3676 pyratas
2715 3574 2872 3640 Gal-

644 3658 796 3723 liam
848 3661 1301 3745 Aquitanicam
1355 3659 1656 3760 irrupisse
1711 3682 1827 3745 per
1867 3659 2110 3759 legatos
2154 3681 2550 3746 comperiens
2595 3681 2872 3744 eamque

643 3741 952 3807 hostiliter
994 3743 1459 3809 debacchantes
1501 3743 1852 3826 infestasse,
1894 3766 2029 3808 vim
2070 3743 2301 3809 inferre
2345 3744 2686 3830 cogitabat.

762 3867 809 3920 a)
840 3869 930 3916 Qui
963 3871 1003 3909 1.
1136 3868 1183 3922 b)
1220 3871 1558 3911 oboedientium
1592 3871 1632 3910 1.
1781 3869 1824 3922 c)
1855 3871 1997 3920 negiu
2029 3869 2257 3923 (super-scr.
2291 3870 2390 3922 sed)
2422 3871 2653 3921 peracturi
2683 3869 2782 3910 add.
2825 3873 2873 3913 1.

646 3925 693 3978 d)
726 3927 866 3969 cons.
898 3939 1007 3969 vero
1041 3931 1079 3971 1.
1200 3928 1243 3982 e)
1276 3931 1333 3971 H.
1366 3941 1400 3969 ο.
1521 3929 1557 3983 f)
1580 3935 1681 3979 post
1711 3930 1810 3975 aad.
1933 3928 1978 3981 g)
2011 3930 2058 3969 in
2087 3941 2222 3980 mar-9.
2338 3928 2388 3982 h)
2419 3931 2528 3982 Her,
2561 3941 2588 3970 a
2617 3941 2656 3982 r,
2688 3939 2874 3981 mense,

644 3997 723 4027 acc
754 3988 865 4029 abso.
985 3985 1019 4039 i)
1053 3987 1097 4030 d.
1126 4000 1187 4039 o.;
1216 3990 1321 4038 piae
1355 3991 1395 4030 1.

792 4080 847 4148 1)
887 4099 922 4133 a
957 4082 1185 4148 Widone,
1206 4085 1391 4149 fratre
1414 4083 1662 4152 Huqo‘nis
1687 4084 1825 4152 regis
1851 4083 2008 4135 Flod.
2159 4082 2216 4150 2)
2255 4085 2415 4151 Acqs.
2566 4082 2623 4150 3)
2663 4081 2872 4134 Sarra-

643 4171 887 4207 cenorum
910 4155 1067 4208 Flod.
1093 4159 1234 4209 Hist.
1264 4159 1329 4210 R.
1355 4157 1451 4220 IV,
1480 4158 1570 4208 22.
1696 4155 1755 4224 4)
1787 4173 1904 4208 cum
1919 4157 2233 4222 praebenda
2257 4157 2513 4210 canonica
2539 4155 2693 4208 Flod.
2719 4156 2871 4208 Ann.

644 4227 701 4295 5)
739 4229 1002 4281 Ponthion
1039 4246 1127 4282 sur
1162 4230 1429 4295 l'Ornain3
1471 4231 1538 4282 de
1577 4247 1680 4296 quo
1718 4228 1874 4282 Flod.
1911 4236 2072 4282 tacet.
