3059 4834
567 220 635 270 56
1079 216 1386 268 RICHERI
1423 215 1930 269 HISTORIARUM
1973 215 2196 267 LIBER
2232 215 2313 268 11.

454 402 551 443 ⁹⁴2-
572 388 739 452 ictus
781 384 1189 451 differrentur
1204 393 1251 466 ⁸,
1311 382 1513 449 donec
1573 383 1792 448 navim
1848 392 2179 469 repeteret,
2240 384 2294 447 si
2336 382 2497 447 forte
2540 383 2805 469 navigio

574 494 721 537 eum
784 468 1116 534 advenisse
1182 468 1594 552 contingeret.
1704 465 1996 552 Cumque
2059 469 2189 531 iam
2251 467 2620 552 navigaretb
2684 489 2809 554 per

573 553 860 642 pelagus,
934 575 1050 638 per
1122 552 1484 616 coniuratos
1555 551 1752 616 multo
1826 550 2101 616 clamore
2172 561 2595 633 revocaretur,
2668 553 2811 616 acsi

575 637 816 725 aliquid
860 637 1235 722 precipuum
1283 634 1601 701 oblivione
1653 635 2132 720 pretermissum
2175 634 2523 698 auditurus,
2610 633 2811 700 Navi-

577 720 721 786 cula
764 741 917 806 ergo
960 719 1265 784 advectus
1284 731 1309 762 ⁰
1367 741 1511 782 cum
1555 720 1798 804 paucis,
1855 718 1994 782 aliis
2037 721 2102 782 in
2150 718 2379 804 pelago
2411 722 2811 804 expectanti-

576 807 716 888 bus,
763 805 1071 869 coniurati
1112 802 1343 901 gladiis
1386 803 1630 869 eductis
1673 805 1996 867 incautum
2039 803 2457 868 adorirentur.
2546 801 2812 868 sivero

576 897 866 975 equester
909 886 1257 968 adveniret,
1301 896 1449 973 post
1484 886 1732 951 consilii
1774 886 1967 951 finem
2011 886 2279 951 Arnulfo
2318 886 2626 971 digresso,
2669 886 2814 951 illo-

577 995 700 1058 que
735 971 1091 1053 recedente,
1130 971 1439 1035 coniurati
1479 971 1826 1036 identidem
1864 972 2048 1036 eurn‘l
2082 979 2457 1056 repeterent,
2498 992 2813 1057 magnum

579 1055 883 1143 quiddam
929 1078 1067 1121 sese
1110 1054 1333 1119 afferre
1377 1055 1776 1137 simulanteS,
1821 1076 1897 1120 ac
1949 1055 2329 1142 quibusdam
2375 1056 2562 1119 etiam
2623 1055 2815 1120 seriis

576 1141 851 1204 accitum
896 1140 1267 1221 detinerent,
1323 1137 1526 1202 donec
1582 1140 1824 1203 cunctis
1882 1138 2296 1225 preeuntibus
2349 1148 2667 1204 extremus
2710 1162 2816 1204 re-

574 1234 850 1289 trorsum
892 1223 1231 1288 incederet.
1277 1224 1483 1303 Quem
1529 1223 1743 1287 adorsi
1762 1225 1815 1266 ⁰*
1856 1222 2086 1307 gladiis
2115 1224 2284 1287 nond
2312 1223 2521 1287 minus
2539 1225 2568 1266 ‘¹
2606 1233 2816 1287 trans-

576 1309 1005 1374 verberarent.
1104 1307 1579 1392 Insurgentium
1639 1329 1788 1372 vero
1850 1308 2199 1392 piratarum
2255 1307 2388 1372 vim
2442 1306 2815 1390 evaderent,

578 1393 633 1456 si
689 1391 913 1476 equise
966 1389 1295 1455 velocibus
1354 1391 1523 1474 rapti
1588 1391 1670 1454 ad
1714 1391 2042 1455 dominum
2103 1413 2249 1456 cum
2305 1391 2505 1475 copiis
2563 1401 2815 1477 presto-

574 1475 847 1541 lantemf
878 1473 1273 1558 transfugere
1303 1476 1744 1558 tempestivius
1783 1474 2209 1540 accelerarent
2225 1486 2272 1538 8.
2337 1475 2584 1539 Piratas
2613 1475 2814 1539 etiam

576 1568 728 1624 tunc
771 1557 929 1622 nihil
970 1557 1143 1621 aliud
1188 1578 1380 1643 quam
1424 1558 1572 1621 autd
1612 1557 1831 1642 fugam
1885 1557 2347 1623 acceleraturos
2400 1568 2510 1622 aut
2563 1558 2816 1623 domini

578 1642 917 1726 exsequias
973 1650 1423 1726 procuraturos
1440 1641 1487 1702 ¹¹.
1591 1641 1826 1727 Sicque
1882 1642 2122 1706 factum
2179 1650 2363 1724 esset,
2414 1652 2487 1708 ut
2539 1640 2815 1706 Arnulfo

576 1726 927 1872 iggorante,
988 1745 1063 1788 eo
1111 1724 1283 1810 quod
1340 1725 1570 1790 absens
1630 1735 1815 1808 esset,
1875 1734 2117 1790 tantum
2174 1725 2422 1790 facinus
2485 1735 2816 1812 patratum

575 1810 643 1873 vi
691 1818 916 1876 eretur.

1147 1929 1247 1994 33.
1314 1926 1599 1993 Wilelmi
1644 1929 1824 1992 ducis
1865 1928 2239 1994 interfectio·

744 2032 972 2118 Legati
1036 2033 1251 2116 itaque
1317 2031 1563 2114 directi,
1636 2029 2025 2116 colloquium
2088 2041 2315 2117 petunt
2377 2041 2442 2096 et
2502 2034 2816 2119 optinent.

387 2139 494 2180 942,
577 2116 861 2202 Tempus
922 2125 1071 2201 post
1124 2117 1260 2181 dies
1314 2116 1398 2181 30
1440 2116 1645 2181 datur.
1746 2115 1956 2180 Locus
2016 2136 2267 2201 quoque
2318 2116 2386 2178 in
2487 2137 2609 2201 ago
2653 2114 2818 2180 Am-

328 2197 445 2240 neo,
484 2198 867 2264 ¹⁷·bianensi
911 2223 1092 2265 secus
1137 2199 1402 2264 fluvium
1463 2199 1813 2282 Summam,
1871 2199 1981 2264 ubi
2041 2210 2137 2264 est
2192 2197 2398 2262 insula
2439 2138 2822 2266 {inchinea

578 2283 947 2348 conceditur
966 2297 1008 2348 ¹.
1094 2284 1368 2370 Negotio
1416 2305 1496 2348 ue
1543 2293 1822 2369 peract0,
1863 2281 1922 2346 le
1970 2283 2058 2346 ati
2113 2283 2399 2348 redeunt.
2486 2283 2816 2369 Tempore

576 2390 729 2454 ergo
796 2369 1154 2451 constitum,
1219 2367 1402 2432 Arnu
1424 2368 1525 2431 fus
1590 2378 1777 2450 terra,
1837 2367 1946 2433 Wi
1973 2365 2173 2430 elmus
2237 2389 2405 2453 aqua
2468 2368 2534 2431 in
2595 2367 2812 2432 locum

348 2471 421 2526 ’μ
453 2475 556 2518 ⁶95.
575 2453 958 2518 destinatum
1004 2454 1406 2517 conveniunt.
1492 2450 1593 2515 Ac
1632 2451 1711 2514 de
1755 2451 2050 2514 amicicia
2092 2449 2380 2532 multum,
2424 2450 2814 2536 *plurimum

575 2537 655 2601 de
708 2535 835 2600 fide
904 2537 1222 2623 utrimque
1278 2534 1596 2600 servanda
1649 2532 1941 2598 collocuti
1999 2545 2148 2600 sunt
2203 2545 2393 2620 atque
2448 2546 2597 2621 post
2653 2556 2814 2599 non—

574 2618 780 2684 nullos
846 2641 1167 2684 sermones
1230 2640 1271 2682 a
1336 2641 1403 2684 se
1470 2617 1676 2682 soluti.
1779 2616 2082 2682 Arnulfus
2145 2618 2420 2683 reditum
2478 2617 2812 2701 simulam,

575 2702 1061 2788 aliquantisperi
1107 2701 1479 2788 digreditur.
1585 2700 1922 2766 Wilelmus
1965 2724 2118 2767 vero
2163 2702 2245 2767 ad
2291 2701 2554 2767 classem
2599 2703 2812 2769 rediit.

573 2785 1081 2872 Naviculamque
1123 2787 1449 2872 ingressus
1496 2785 1649 2848 dum
1693 2808 1812 2871 per
1863 2785 2130 2872 pelagus
2182 2787 2532 2870 navigaret,
2579 2809 2618 2850 a
2660 2808 2812 2851 con-

576 2871 797 2935 iuratis
841 2869 1038 2935 multo
1085 2871 1352 2956 strepitu
1367 2872 1397 2912 k
1448 2867 1842 2952 inclamatuS,
1892 2891 2156 2968 proram
2215 2871 2504 2936 obvertit.
2591 2871 2813 2935 Remi-

575 2976 735 3040 gans
782 2976 863 3018 ue
908 2952 989 3017 ad
1032 2953 1203 3036 litus,
1249 2952 1404 3040 quid
1446 2951 1680 3019 vellent
1723 2955 2176 3036 sciscitaturus,
2233 2954 2416 3020 redit.
2503 2952 2606 3018 Illi
2647 2977 2812 3020 mox

575 3037 728 3123 quid
775 3060 880 3102 am
924 3037 1409 3123 preocissimum
1461 3060 1528 3102 se
1575 3035 1822 3102 deferre
1881 3046 2188 3119 asserunt,
2247 3036 2418 3124 quod
2461 3060 2502 3102 a
2544 3039 2808 3104 domino

574 3142 689 3185 suo
735 3119 1052 3186 oblivione
1098 3143 1511 3208 suppressum
1554 3121 1692 3185 fuit.
1773 3121 1951 3204 Dux,
1996 3120 2290 3186 navicula
2346 3120 2516 3186 litori
2558 3122 2807 3209 apulsa,

572 3203 713 3268 illos
752 3205 893 3269 exci
945 3205 1012 3288 it,
1070 3229 1111 3270 a
1152 3206 1383 3292 quibus
1429 3205 1664 3270 etiamd
1706 3227 1861 3269 mox
1904 3205 2134 3290 gladiis
2179 3205 2454 3270 eductisl
2497 3207 2809 3272 interimi-

572 3299 693 3353 tur.
751 3227 1025 3355 Duobus
1068 3311 1319 3376 quoque
1363 3288 1738 3375 puberibus,
1827 3289 1896 3352 ui
1925 3311 2073 3352 cum
2107 3311 2182 3354 eo
2206 3290 2486 3357 ,inermes
2515 3289 2808 3372 aderant,

574 3381 639 3436 et
693 3383 888 3438 nauta
946 3374 1278 3456 sauciatiS,
1347 3395 1387 3436 a
1442 3372 1739 3436 navicula
1826 3373 2142 3437 acinorosi
2199 3372 2468 3438 exiliunt
2524 3394 2600 3437 ac
2655 3384 2815 3460 post

571 3459 901 3521 conscium
945 3455 1275 3521 dominum
1317 3457 1385 3520 in
1425 3455 1645 3542 fugam
1689 3456 1997 3521 feruntur.
2085 3454 2215 3537 Qui
2257 3467 2470 3521 autem
2515 3457 2640 3520 iam
2685 3480 2814 3544 per

568 3539 834 3625 pelagus
863 3542 1271 3626 navigabant,
1317 3541 1604 3605 conversi
1642 3539 1792 3606 litus
1820 3540 2109 3605 relictum
2159 3548 2457 3628 repetunt
2497 3563 2572 3605 ac
2603 3541 2812 3605 domi-

569 3645 724 3686 num
795 3625 1247 3710 interemptum
1317 3623 1477 3688 duos
1524 3646 1606 3688 ue
1667 3624 1943 3709 puberes
2015 3633 2079 3690 et
2147 3634 2408 3688 nautam
2481 3625 2801 3690 sauciatos

569 3706 921 3772 inveniunt.
981 3706 1452 3795 Sumptumque
1535 3708 1732 3774 omini
1776 3730 2009 3794 corpus
2052 3707 2444 3774 lamentabili
2488 3707 2828 3796 obsequioxs

571 3789 936 3877 sepulturae
979 3790 1334 3876 deportant.
2817 3799 2850 3900 ’,Κ

688 3918 734 3968 a)
767 3917 1007 3959 differrent
1026 3920 1065 3957 1.
1159 3915 1206 3970 b)
1238 3929 1286 3968 p.
1318 3929 1364 3969 p.
1398 3930 1443 3960 n.
1481 3921 1522 3959 1.
1615 3916 1659 3971 e)
1686 3919 1910 3961 deductus
1944 3921 1982 3961 1.
2074 3915 2140 3970 α’)
2154 3917 2332 3959 adorsis
2351 3919 2391 3962 1.
2493 3915 2540 3968 d)
2569 3922 2667 3966 pose
2695 3917 2823 3962 aad-
2855 3941 2873 3964 ·,

570 3973 614 4026 e)
645 3987 689 4018 v.
722 3987 761 4018 e.
792 3985 846 4015 ra
878 3978 917 4018 1.
1096 3973 1132 4026 f)
1166 3981 1509 4027 exspectantem
1543 3981 1584 4019 1.
1766 3977 1812 4030 g)
1859 3979 2072 4021 valerent
2103 3980 2144 4019 l.
2324 3974 2374 4027 h)
2422 3979 2718 4018 exsecuturos
2753 3979 2814 4020 1.

569 4031 605 4086 i)
638 4045 660 4074 e
684 4045 797 4076 corr.
949 4034 999 4086 k)
1033 4035 1233 4077 clamore
1268 4038 1306 4078 1.
1428 4035 1463 4089 1)
1495 4037 1668 4078 strictis
1699 4041 1740 4080 1.

666 4126 777 4252 1²19)
826 4130 1145 4198 Picquigny.
1226 4131 1309 4184 Cf.
1357 4132 1654 4197 Diimmler,
1706 4133 2093 4200 Forschungen
2145 4132 2242 4197 1v,
2281 4150 2335 4199 p.
2375 4130 2512 4196 3883
2577 4132 2704 4184 Otto
2743 4131 2816 4186 1.
2881 4116 2902 4156 ¹⁶

567 4219 624 4270 p·
806 4219 859 4253 n·
