3059 4834
476 457 579 498 0¹18.

358 2813 377 2835 ‘
407 2828 451 2868 p.
484 2815 586 2858 028.

604 275 707 324 112
1136 273 1444 325 RICHERI
1478 272 1989 324 HISTORIARUM
2025 271 2251 323 LIBER
2291 271 2400 322 111.

1149 442 1247 505 73.
1334 440 1558 506 Oratio
1577 450 1604 481 ⁸
1647 439 1902 505 Ottonis
1945 439 2073 504 ada
2115 460 2282 503 suos.

771 544 936 608 ‘Non
977 543 1059 608 ab
1103 564 1193 624 re,
1236 541 1359 607 viri
1403 540 1578 622 clari,
1619 542 1747 605 huc
1789 563 1904 605 vos
1951 542 2323 606 convenisse
2353 538 2546 604 volui.
2617 539 2854 604 Virtus

600 638 815 694 vestra
858 629 1181 712 suggessit
1207 649 1247 690 a
1274 625 1459 690 vobis
1490 624 1826 688 consilium
1856 648 1938 689 ex
1989 635 2177 706 etere‚
2223 646 2380 711 quos
2415 633 2481 688 et
2506 625 2850 708 ingenium

600 713 861 779 decorat
903 722 967 777 et
1008 712 1205 775 animi
1245 711 1447 774 virtus
1487 710 1805 774 informat.
1953 730 2027 773 ec
2077 708 2372 774 dubitavi
2421 729 2526 772 me
2583 728 2848 793 suscep-

599 807 815 862 turum
858 818 898 859 a
939 796 1123 860 vobis
1166 795 1392 881 optimi
1435 792 1683 857 consilii
1737 793 2078 874 rationem,
2137 815 2284 858 cum
2327 792 2409 857 ab
2451 792 2668 855 animo
2711 813 2848 855 non

601 881 976 962 excesserit,
1035 889 1271 965 quanto
1327 879 1540 942 animo
1559 927 1575 960 ,
1641 888 1880 964 quanta
1930 878 2167 941 virtute
2221 878 2288 939 in
2345 876 2470 941 fide
2529 876 2846 940 hactenus

600 964 982 1051 perstitistis.
1067 962 1237 1027 Ante
1279 962 1434 1043 hac,
1486 961 1652 1026 Virib
1698 960 2049 1043 clarissimi,
2107 962 2350 1048 ingenti
2400 961 2636 1025 virtute
2653 972 2678 1002 ⁰
2721 981 2846 1058 pro

601 1072 635 1114 e
684 1050 901 1134 regiae
952 1046 1163 1111 laudis
1220 1045 1459 1110 honore
1514 1055 1579 1109 et
1629 1044 1835 1144 gloria
1877 1046 2213 1130 sategistis,
2273 1067 2420 1108 cum
2463 1054 2528 1108 et
2571 1041 2842 1108 consilio

602 1154 638 1196 c
661 1134 757 1196 ari
802 1142 865 1197 et
904 1129 1072 1196 bello
1115 1131 1338 1194 invicti
1382 1131 1718 1193 enituistis
1804 1129 1992 1193 Nunc
2037 1150 2292 1215 quoque
2337 1127 2561 1193 eadem
2607 1129 2845 1193 virtute

600 1215 932 1281 nitendum
977 1225 1089 1296 est,
1133 1237 1214 1278 ne
1244 1212 1420 1277 laudi
1448 1215 1745 1298 egregiae
1775 1223 1874 1277 tur
1925 1214 1978 1276 is
2009 1213 2272 1277 infamia
2301 1211 2615 1276 succedat.
2689 1211 2846 1275 Eni-

600 1301 809 1367 timini
854 1300 1051 1385 ergod
1094 1321 1210 1399 pro
1254 1296 1519 1380 viribus,
1566 1307 1630 1361 et
1673 1299 1726 1361 si
1771 1299 1880 1384 qui
1967 1297 2299 1362 dedecoris
2342 1297 2774 1378 contraxistis,
2805 1317 2847 1358 a

600 1394 782 1449 tanta
824 1382 1199 1449 claritudine
1244 1383 1617 1446 amoveatis,
1703 1381 1850 1445 Non
1907 1403 2026 1446 vos
2082 1380 2268 1462 latet,
2323 1379 2516 1466 fugae
2567 1380 2845 1464 ignomi-

601 1470 775 1531 niam
836 1491 876 1532 a
931 1466 1233 1532 Lothario
1287 1488 1493 1550 nuper
1547 1488 1666 1529 nos
1768 1465 2073 1531 ertulisse.
2177 1465 2389 1545 Quam
2445 1485 2576 1527 non
2635 1463 2847 1528 solum

597 1550 797 1633 bello,
864 1551 980 1614 sed
1032 1553 1225 1614 etiam
1275 1560 1478 1614 morte
1527 1572 1597 1614 re
1646 1548 1702 1613 el
1729 1571 1834 1613 ere
1849 1561 1893 1632 0,
1957 1559 2021 1614 et
2067 1557 2346 1613 vestram
2398 1547 2846 1612 claritudinem

603 1636 804 1716 decet,
849 1643 913 1698 et
954 1643 1205 1719 tempus
1236 1633 1548 1719 exposcit,
1619 1631 1858 1697 acultas
1888 1634 2078 1697 etiam
2107 1632 2469 1719 persuadet.
2545 1631 2617 1697 Si
2646 1633 2849 1716 igitur

600 1718 807 1803 magis
849 1718 1167 1803 imperare
1209 1739 1401 1803 quam
1445 1717 1680 1782 servire
1724 1718 1931 1802 parati
1974 1718 2123 1782 estis
2152 1729 2190 1797 ¹,
2250 1715 2401 1780 dum
2445 1724 2622 1780 aetas
2667 1717 2850 1802 viget

602 1802 852 1866 animus
901 1824 982 1866 ue
1025 1799 1211 1884 valet,
1255 1800 1377 1864 hoc
1421 1799 1668 1864 facinus
1712 1824 1792 1865 ne
1837 1800 2332 1887 parvipendatis.
2418 1801 2705 1884 Ingenti,
2717 1800 2848 1862 vir-

601 1896 736 1951 tute
790 1909 824 1950 e
899 1888 1039 1967 cite,
1100 1893 1172 1949 ut
1225 1885 1361 1948 sitis
1417 1884 1771 1967 formidini,
1840 1883 2071 1970 quibus
2137 1883 2451 1970 ignobiles
2506 1894 2570 1948 et
2612 1882 2848 1968 vulgus

600 1969 849 2035 fuistis'.
936 1971 1080 2034 Hac
1125 1969 1437 2034 sententia
1476 1969 1545 2033 id
1588 1969 1725 2032 fieri
1771 1968 2065 2033 omnibus
2109 1989 2486 2055 persuasum
2531 1977 2646 2032 est.

1192 2109 1292 2172 74.
1378 2107 1763 2193 Equitatusf
1801 2108 1870 2169 in
1913 2104 2251 2170 Galliams.

770 2211 1027 2274 Interea
1086 2210 1239 2275 Otto
1298 2230 1445 2272 cum
1495 2210 1708 2273 30000
1761 2209 2047 2294 equitum
2103 2208 2172 2271 in
2218 2205 2460 2272 Gallias
2517 2207 2610 2271 ire
2709 2228 2848 2270 ara-

602 2295 733 2359 bat.
850 2293 987 2358 Nec
1042 2303 1325 2358 moratus
1393 2293 1721 2392 premissis
1775 2293 2252 2358 centurionibus
2308 2290 2461 2356 ibat.
2565 2229 2847 2355 Galliam

609 2377 918 2443 Celticam
949 2378 978 2420 ¹¹
1037 2379 1325 2442 exercitu
1402 2376 1710 2462 1mplevit.
1858 2376 2071 2456 Quam
2145 2377 2379 2462 partim
2461 2373 2847 2458 combussit,

606 2463 842 2548 partim
913 2460 1334 2547 depopulatus
1414 2472 1529 2525 est.
1669 2460 1777 2524 Sic
1857 2461 2047 2524 etiam
2125 2481 2313 2525 versa
2395 2460 2536 2524 vice
2612 2458 2849 2523 Lotha-

604 2547 773 2609 rium
836 2544 1156 2631 adurgens
1179 2594 1196 2626 ,
1262 2567 1340 2609 eo
1406 2543 1579 2630 quod
1646 2543 1916 2608 militum
1991 2545 2243 2629 copiam
2315 2565 2446 2607 non
2516 2543 2849 2624 habereti,

604 2628 874 2692 fluvium
939 2628 1305 2714 Sequanam
1377 2629 1648 2693 transire
1722 2626 2030 2714 compulit
2104 2637 2168 2692 et
2228 2626 2709 2712 gemebundum
2765 2627 2854 2691 ad

608 2713 837 2777 ducem
880 2713 973 2775 ire
1018 2713 1248 2796 coegit.
1334 2712 1606 2777 Turbati
1647 2734 1798 2796 ergo
1842 2735 1910 2776 re
1959 2713 2172 2776 entino
2225 2712 2503 2777 hostium
2546 2711 2852 2793 adventu,

606 2817 725 2859 rex
784 2795 1121 2879 Stampas²
1179 2794 1367 2877 adiit,
1423 2800 1448 2825 *
1463 2795 1598 2858 dux
1654 2817 1809 2859 vero
1869 2819 1908 2860 a
2007 2794 2436 2880 colligendum
2491 2796 2854 2860 exercitum

608 2879 839 2944 Parisii
879 2879 1132 2943 resedit.
1218 2879 1393 2942 Dum
1439 2878 1599 2943 haec
1642 2890 1936 2962 aguntur,
1983 2879 2136 2945 Otto
2181 2901 2330 2943 cum
2374 2880 2661 2944 exercitu
2703 2901 2855 2965 pro-

658 2973 794 3028 erat
849 2961 1203 3048 fiscumque
1260 2985 1328 3026 re
1377 2963 1506 3026 ‘um
1561 2962 1930 3027 Atiniacum
1988 2963 2206 3049 diripit
2261 2985 2300 3026 a
2371 2985 2452 3027 ue
2505 2962 2854 3027 comburit.

609 2987 697 3112 {lt
736 3069 853 3133 per
894 3046 1054 3110 fines
1098 3046 1273 3110 urbis
1376 3068 1663 3110 emorum
1706 3049 2042 3130 transiens,
2087 3055 2308 3112 sancto
2411 3048 2645 3132 emigio
2689 3045 2855 3110 mul-

608 3142 745 3197 tum
788 3129 1094 3194 honorem
1150 3128 1457 3197 exhibuit.
1555 3129 1802 3196 Urbem
1860 3152 2117 3218 quoque
2177 3131 2557 3196 Suessorum
2611 3138 2857 3215 preter-

688 3236 885 3296 essuS,
928 3223 994 3278 et
1034 3223 1323 3278 sanctum
1365 3213 1746 3279 Medardum
1788 3237 2120 3298 venerans,
2177 3215 2484 3301 palatium
2530 3213 2857 3300 Compen-

656 3301 831 3364 iense
900 3320 1064 3384 pene
1137 3297 1418 3382 diripuit.
1530 3297 1668 3363 Nec
1743 3299 1953 3362 minus
2026 3299 2426 3363 centuriones
2499 3299 2710 3384 previi
2774 3319 2855 3362 eo

607 3386 941 3470 ignorante
985 3391 1241 3446 sanctae
1275 3380 1568 3446 Baltildis
1613 3383 2068 3447 monasterium
2111 3383 2287 3468 apud
2317 3381 2548 3447 Chelas
2589 3383 2856 3467 penitus

610 3468 998 3533 subruerunt
1024 3475 1213 3552 atque
1242 3467 1742 3532 combusserunt.
1796 3466 1987 3547 Quod
2013 3489 2144 3531 non
2172 3466 2577 3540 mediocriter
2605 3464 2856 3548 dolens,

609 3550 809 3615 multa
850 3554 919 3615 in
962 3551 1097 3616 eius
1137 3551 1660 3616 restaurationem
1706 3549 2041 3636 delegavit.
2120 3550 2410 3615 Tandem
2452 3549 2534 3613 ad
2577 3548 2860 3614 fluvium

615 3635 979 3720 Sequanam
1034 3635 1305 3699 accessit
1352 3635 1570 3720 ibique
1612 3635 1929 3700 exercitus
1985 3636 2256 3700 tentoria
2308 3634 2479 3716 fixit,
2531 3633 2859 3698 Parisium

610 3719 679 3782 in
719 3739 871 3804 pros
922 3727 1068 3782 ectu
1107 3716 1371 3799 habenS,
1432 3728 1757 3804 totamque
1815 3742 1978 3804 pene
2034 3720 2362 3805 regionem
2405 3740 2522 3804 per
2565 3718 2857 3782 triduum

611 3802 823 3890 depop
893 3809 1036 3865 atus
1081 3811 1195 3865 est.
1297 3803 1455 3888 (75).
1520 3803 1711 3868 Ibant
1753 3825 1904 3888 ergo
1951 3803 2195 3889 equites
2250 3825 2397 3866 cum
2440 3801 2588 3865 lixis
2631 3802 2858 3890 palan-

732 4001 777 4055 ο.)
811 4003 865 4055 0,
898 4003 957 4043 sd
979 4002 1092 4044 abso.
1212 3999 1261 4053 b)
1291 3983 1351 4042 ’ἦ
1379 4014 1416 4043 ο.
1554 3999 1596 4053 c)
1628 4013 1672 4044 v.
1703 4002 1935 4052 sategistis
1969 4002 2009 4041 l.
2144 3998 2193 4052 d)
2216 4007 2320 4051 pose
2351 4003 2453 4043 add.
2599 4000 2646 4056 e)
2679 4015 2701 4042 e
2732 4015 2856 4045 corr.

614 4059 1116 4173 53⁸:gexgpeilendumi'
1162 4058 1221 4112 1).
1416 4058 1453 4112 f)
1499 4061 1538 4100 Ε
1569 4060 1682 4102 abac.
1860 4059 1909 4112 g)
1953 4059 2132 4101 Gallias
2166 4062 2205 4100 1.
2386 4059 2434 4113 h)
2481 4061 2664 4102 Gallias
2696 4073 2775 4104 ex.
2810 4065 2858 4102 1.

765 4247 823 4317 1)
859 4249 1028 4316 magio
1068 4279 1136 4290 —-
1176 4251 1298 4304 atis
1337 4250 1561 4304 Sallusti
1599 4256 1720 4302 sunt
1755 4251 1936 4314 verba,
1966 4251 2124 4304 Catil.
2165 4267 2213 4304 c.
2254 4251 2342 4304 20.
2477 4249 2534 4319 2)
2568 4252 2861 4321 Etampes.
