3059 4834
726 262 1035 314 RIGHERI
1073 263 1579 315 HISTORIARUM
1616 263 1837 316 LIBER
1876 265 1952 316 11.
2415 267 2484 316 ‘17

244 427 787 511 commonendus3
860 439 925 492 et
986 439 1135 514 post
1200 430 1483 494 omnium
1549 429 1951 495 anathemate
2017 430 2484 517 dampnandus.

243 513 339 578 Et
400 533 532 576 non
594 511 798 576 solum
862 511 986 595 ille,
1052 534 1276 576 verum
1335 535 1554 584 omnes
1621 515 1731 599 qui
1783 515 1842 577 ei
1896 516 1962 578 in
2025 514 2208 579 malis
2270 515 2486 580 favere

242 597 609 681 faventque.
678 594 808 660 Sed
849 596 1016 661 hanc
1060 594 1265 660 solum
1320 620 1360 661 a
1400 596 1589 661 nobis
1641 599 1916 683 accipiet
1934 611 1953 645 ¹
2012 618 2222 685 opem.
2287 599 2484 664 Num-

246 679 409 766 quid
452 701 603 744 vero
649 678 731 744 ab
776 678 900 745 alio
945 681 1292 766 quicquam
1336 682 1478 766 opis
1522 682 1840 766 accipiet?
1908 681 2067 746 Eius
2113 685 2483 769 conquestio

244 765 323 826 in
364 785 481 827 sua
523 761 807 828 clausula
850 785 1039 849 opem
1084 766 1371 828 omnium
1413 764 1714 849 postulat.
1804 765 1933 830 Sed
1989 767 2042 828 si
2099 787 2138 828 a
2194 768 2380 834 nobis
2425 769 2485 831 ei

246 848 658 929 succurritur,
700 869 743 910 a
770 847 1004 911 domno
1036 846 1273 912 Ottone
1301 870 1454 946 rege
1485 848 1641 933 quid
1669 850 1807 912 acci
1855 848 1984 913 iet‘?
2027 849 2116 914 Et
2143 850 2487 916 decretalia

245 941 477 996 sancta
532 930 905 1014 acclamant,
960 940 1303 1019 postquam
1359 933 1630 996 tirannis
1673 943 1825 997 anat
1869 953 2014 996 ema
2057 933 2484 998 damnationis

242 1013 339 1079 ab
381 1015 702 1100 episcopis
745 1016 1049 1079 iniectum
1092 1025 1206 1097 est,
1266 1038 1306 1079 a
1358 1014 1547 1080 bonis
1592 1037 1849 1102 quoque
1940 1017 2258 1081 otentibus
2301 1018 2439 1081 vim
2455 1027 2484 1059 ὃ

245 1097 673 1180 inferendam,
718 1109 806 1181 ut,
854 1100 908 1162 si
952 1098 1437 1163 aecclesiasticis
1482 1103 1507 1128 *
1526 1101 1903 1165 correctioni
1950 1122 2026 1163 us
2069 1100 2154 1164 ad
2195 1123 2487 1165 normam

242 1183 459 1248 redire
486 1180 727 1265 nolunt,
774 1181 998 1248 saltem
1024 1184 1383 1269 potentium
1412 1182 1774 1248 vehementi
1801 1184 2103 1248 violentia
2131 1184 2215 1249 ad
2243 1184 2484 1249 bonum

242 1266 461 1332 redire
506 1276 835 1351 cogantur,
878 1275 950 1330 ut
990 1265 1093 1331 vel
1135 1267 1351 1330 invitis
1393 1265 1567 1330 bona
1600 1270 1996 1352 prestentur'.

644 1387 744 1450 76.
812 1385 1079 1451 Oratiob
1126 1385 1417 1451 Ottonisb
1460 1389 1631 1472 regis
1673 1408 1792 1472 pro
1838 1386 2082 1451 eodem.

417 1487 525 1552 Ad
564 1487 722 1553 haec
761 1511 879 1554 rex
924 1487 1107 1552 Otto:
1196 1487 1453 1571 ‘Multa',
1497 1489 1723 1574 inquit,
1785 1495 1970 1572 ‘sunt,
2013 1500 2250 1577 patres,
2293 1490 2485 1555 bene-

238 1571 417 1652 ficia,
469 1593 631 1658 quae
686 1595 726 1636 a
781 1573 1007 1637 vobisc
1062 1571 1297 1636 domno
1356 1594 1432 1636 ac
1492 1573 1897 1637 serenissimo
1953 1576 2092 1659 regi
2150 1574 2482 1639 Ludovico

238 1653 488 1719 utiliter
528 1655 1000 1721 accommodari
1040 1655 1361 1721 valebunt.
1450 1656 1710 1721 Etenim
1767 1657 1820 1719 si
1875 1657 2010 1722 eius
2064 1658 2483 1722 insectatores

240 1741 448 1802 armis
502 1739 735 1804 divinis
798 1740 1210 1822 adoriamini,
1277 1750 1739 1826 consequenter
1801 1750 1910 1804 aut
1970 1741 2145 1806 facili
2202 1741 2482 1806 tumultu

242 1823 485 1888 devicti
511 1822 857 1905 labascent,
886 1832 1017 1906 aut,
1048 1825 1102 1886 si
1132 1823 1288 1909 quid
1319 1823 1759 1909 impetendum
1786 1823 2194 1910 relinquetur,
2231 1824 2482 1890 facilius

240 1908 479 1970 nostris
523 1909 715 1971 armis
759 1905 1204 1971 infirmabitur.
1286 1907 1423 1970 Vos
1467 1928 1644 1991 ergo,
1686 1905 1944 1970 iubente
2004 1908 2225 1972 domni
2267 1932 2481 1995 papae

240 1989 309 2054 le
354 1999 478 2073 at0,
548 1993 745 2056 vestri
802 1990 1044 2054 ordinis
1111 1991 1532 2054 instrumenta
1589 1992 1614 2015 *
1629 1990 1870 2053 exerite
1942 2012 2019 2053 ac
2073 1992 2236 2054 tanti
2309 1998 2483 2076 regis

241 2012 650 2139 affversarios
694 2072 1115 2138 anathematis
1157 2070 1371 2157 gladio
1414 2070 1946 2137 transverberate.
2035 2073 2274 2138 Contra
2318 2097 2483 2172 quae

243 2157 307 2222 si
351 2161 665 2223 cervicem
708 2167 936 2243 postea
982 2157 1226 2241 erigere
1268 2154 1546 2220 audeant
1605 2165 1668 2219 et
1725 2155 2062 2220 dominicis
2129 2158 2481 2222 interdictis

242 2243 543 2306 resistere
594 2263 724 2305 non
779 2238 1145 2319 formidant,
1198 2249 1485 2303 nostrum
1544 2238 1778 2303 exinde
1831 2241 1967 2321 erit,
2024 2238 2256 2326 quibus
2312 2263 2481 2306 com-

242 2326 519 2388 missum
584 2332 680 2387 est
742 2325 811 2387 in
873 2323 997 2387 hac
1060 2323 1282 2386 mundi
1331 2332 1515 2408 parte
1575 2332 1860 2386 sanctam
1916 2323 2046 2387 Dei
2104 2323 2482 2388 aecclesiam

243 2407 437 2488 tueri,
478 2417 549 2471 ut
589 2409 659 2470 in
699 2406 857 2471 tales
901 2429 1081 2470 arma
1124 2428 1468 2489 sumamuS,
1512 2405 1881 2470 huiusmodi
1910 2406 2319 2472 debellemus.
2396 2409 2482 2473 Et

248 2491 313 2555 si
340 2492 683 2555 necessitas
712 2491 1042 2576 adurgeat,
1086 2491 1318 2554 strictis
1347 2488 1581 2575 gladiis
1610 2511 1812 2576 usque
1841 2491 1924 2555 ad
1953 2492 2484 2556 immanissimam

244 2574 515 2638 caedem
556 2575 1129 2660 perditissimorum
1174 2573 1499 2638 hominum
1530 2574 1952 2657 deseviamus,
1996 2573 2216 2640 habita
2245 2576 2313 2638 in
2340 2573 2484 2641 illos

242 2660 635 2722 iustissimae
697 2658 1153 2744 indignationis
1173 2658 1201 2698 ¹¹
1257 2679 1468 2739 causa,
1528 2658 1702 2744 quod
1744 2655 1966 2722 illicita
2007 2658 2483 2746 aggrediantur,

245 2751 315 2806 et
356 2765 474 2828 pro
517 2741 751 2806 illicitis
794 2742 1145 2825 ammoniti,
1188 2763 1319 2805 non
1346 2742 1763 2827 corrigantur.
1828 2743 1963 2806 Vos
1991 2743 2207 2830 itaque
2235 2753 2484 2808 tantum

242 2829 477 2892 vestris
520 2827 808 2892 insistite.
896 2825 984 2890 Et
1030 2835 1179 2911 post
1232 2826 1613 2889 modestiam
1670 2835 1949 2891 vestram
2006 2828 2209 2892 virtus
2267 2837 2485 2894 nostra

245 2913 585 2996 sequetur'.

462 3038 561 3102 77.
626 3037 921 3123 Epistola
962 3059 1002 3100 a
1045 3035 1309 3100 sinodo¹³
1351 3035 1436 3099 ad
1480 3036 1827 3122 Hugonem
1846 3050 1870 3080 θ
1916 3036 2271 3122 delegatae.

422 3140 670 3220 Quibus
716 3139 925 3220 dictis,
969 3159 1124 3201 mox
1168 3137 1377 3202 sinodi
1420 3137 1674 3204 decreto
1718 3137 1989 3225 epistola
2030 3137 2239 3203 deseri
2287 3148 2355 3203 ta
2391 3147 2488 3202 est

246 3224 595 3310 palamque
638 3223 923 3303 recitata,
980 3220 1146 3285 hanc
1185 3220 1530 3286 verborum
1574 3224 1804 3287 seriem
1845 3231 2069 3286 tenens
2083 3233 2140 3284 ²:
2227 3229 2243 3262 ‘
2299 3230 2488 3284 ancta

248 3309 515 3373 sinodus
558 3309 625 3370 in
667 3307 905 3392 palatio
962 3302 1345 3389 Angleheim
1400 3303 1519 3368 sub
1577 3303 1833 3369 domnis
1876 3314 1942 3368 at
1987 3326 2068 3368 ue
2113 3303 2485 3367 orthodoxis

246 3391 512 3478 regibus
574 3390 903 3456 Ludovico
967 3395 1032 3454 et
1094 3387 1330 3452 Ottone
1390 3385 1628 3452 utiliter
1685 3386 1906 3451 habita
2119 3387 2226 3449 oni
2289 3384 2436 3448 duci
2450 3385 2485 3449 f.

250 3477 527 3558 Quantis
569 3473 755 3538 malis
799 3481 1161 3558 quantaque
1192 3471 1636 3555 persecutione
1687 3471 2019 3534 vexaveris
2053 3470 2067 3484 ‘
2118 3490 2224 3532 am
2240 3480 2271 3523 8
2299 3490 2487 3532 vene-

248 3559 521 3624 rabilem
592 3559 941 3622 Remorum
997 3552 1419 3638 metropolim,
1488 3563 1727 3639 quanta
1793 3573 2049 3640 quoque
2115 3550 2487 3618 crudelitate

373 3739 420 3792 a)
452 3741 727 3781 violentiam
760 3741 799 3779 1.
929 3735 977 3788 b)
1012 3735 1089 3789 Or,
1122 3736 1195 3775 nis
1226 3735 1338 3774 abeo.
1467 3731 1509 3785 c)
1545 3733 1679 3774 nobis
1713 3735 1754 3776 1.
1891 3731 1938 3785 d)
1970 3734 2095 3784 dign.
2128 3735 2171 3775 1.
2293 3731 2338 3786 e)
2370 3743 2400 3774 a
2429 3735 2488 3786 si,

195 3776 206 3817 ι·
249 3799 313 3840 ad
340 3798 646 3854 Homonem),
678 3803 756 3838 ata
784 3797 897 3836 abeo.
1013 3794 1051 3846 f)
1084 3795 1129 3836 d.
1160 3794 1359 3834 salutem
1391 3794 1433 3833 1.
1556 3791 1602 3844 g)
1634 3805 1682 3834 v.
1711 3795 1744 3833 i.
1777 3795 1816 3836 1.

407 3949 463 4015 1)
515 3965 592 4001 sc.
630 3947 956 3998 Ludovicus.
1116 3943 1175 4009 2)
1226 3943 1523 4012 Epistolam
1572 3959 1700 3994 vere
1745 3944 1802 3992 in
1850 3943 1954 3993 hac
1991 3941 2197 4008 synodo
2235 3942 2489 4006 scriptam

254 4037 394 4083 esse,
418 4021 551 4072 licet
588 4038 622 4072 a
646 4018 950 4072 Flodoardo
982 4019 1183 4070 mentio
1216 4019 1331 4070 eius
1360 4017 1511 4069 nulla
1544 4015 1690 4067 facta
1721 4017 1806 4078 sit,
1845 4020 1968 4066 acta
1999 4015 2207 4080 Legum
2238 4015 2388 4066 Tom.
2410 4016 2491 4080 II,

252 4111 311 4161 p.
352 4095 440 4144 25.
473 4097 747 4162 proposita
792 4097 1083 4157 testantur3
1125 4093 1291 4158 igitur
1341 4105 1459 4142 eam
1508 4106 1544 4140 a
1583 4089 1830 4152 Richero,
1882 4093 2007 4140 acta
2042 4087 2234 4155 synodi
2270 4089 2488 4140 Lauda·

254 4169 438 4220 nensis
469 4167 613 4236 apud
642 4165 1005 4218 Flodoardum
1044 4164 1345 4228 evolvente,
1382 4163 1566 4216 fictam
1598 4179 1732 4226 esse,
1759 4163 1975 4214 minime
2009 4160 2187 4214 credO.
2238 4162 2300 4212 P.
2378 4161 2490 4213 Sed

257 4240 328 4291 cf.
369 4257 509 4306 quae
544 4242 885 4306 Poinsognon
927 4244 981 4292 et
1016 4238 1297 4291 Diimmler
1331 4255 1386 4304 p.
1428 4237 1532 4287 165
1572 4252 1624 4287 n.
1661 4240 1993 4289 monuerunt.

2505 448 2606 490 948.

2504 1113 2581 1168 Ἰ).
2599 1115 2702 1158 605.

2502 2011 2519 2030 ⁶
2532 2015 2614 2056 fol.
2640 2014 2711 2055 28.
