3059 4834
448 457 466 477 ⁸
483 460 564 502 rol.
583 459 644 502 1⁴.

438 1952 516 2007 ’μ
548 1954 651 1996 569.

663 285 694 332 2
1184 281 1491 332 RIOHERI
1528 280 2031 332 HISTORIARUM
2069 280 2291 332 LIBER
2328 282 2372 332 Ι.

1417 450 1471 512 1.
1561 446 1895 511 Ἶὶίνὶεείοει
1939 446 2130 512 orbis.

835 551 1029 619 Orbis
1087 551 1302 636 itaque
1359 548 1570 635 plaga,
1639 570 1802 635 quae
1861 549 2236 614 mortalibus
2296 572 2434 615 sese
2479 551 2886 616 commodam

665 635 907 724 prebet,
952 657 991 699 a
1034 633 1512 719 cosmographis
1532 646 1552 680 ¹
1584 633 1892 698 trifariam
1922 634 2122 698 dividi
2150 633 2535 719 perhibetur,
2575 635 2643 698 in
2662 633 2890 698 Asiam

663 719 977 801 videlicet,
1006 718 1293 782 Africam
1323 727 1385 782 et
1412 717 1760 803 Europam.
1847 717 2136 798 Quarum
2166 719 2360 805 prior,
2391 741 2432 782 a
2459 719 2888 804 septentrione

711 828 782 870 er
822 803 1079 868 orientis
1122 803 1437 887 regionem
1492 823 1568 866 us
1613 822 1694 866 ue
1750 803 1817 865 in
1872 811 2159 866 austrum
2202 803 2596 867 extrinsecus
2649 823 2889 867 oceano

714 889 1116 969 ’sterminata,
1182 886 1444 950 interius
1506 909 1546 949 a
1660 884 1861 984 'pheis
1919 887 2242 952 montibus
2295 907 2498 972 usque
2541 884 2626 949 ad
2683 896 2890 951 terrae

665 970 1067 1053 umbilicum,
1119 969 1396 1052 Thanai,
1458 968 1781 1034 Meothide
1843 969 2435 1056 Mediterraneoque
2489 970 2569 1034 ab
2624 969 2894 1056 Europa

666 1057 815 1123 disti
904 1056 1093 1120 uitur.
1182 1053 1283 1119 Ab
1314 1053 1618 1119 umbilico
1645 1073 1797 1118 vero
1827 1075 2029 1140 usque
2073 1055 2141 1116 in
2181 1063 2469 1118 austrum
2505 1052 2651 1118 Nilo
2695 1053 2892 1117 fluvio

666 1142 748 1207 ab
790 1138 853 1204 A
914 1140 1012 1203 ’ca
1053 1147 1149 1203 est
1191 1136 1454 1202 seclusa.
1541 1137 1828 1201 Africam
1879 1159 2032 1202 vero
2085 1147 2149 1202 et
2199 1138 2547 1224 Europam,
2609 1138 2891 1202 exterius

668 1223 926 1312 quidem
954 1221 1035 1286 ab
1066 1231 1279 1286 austro
1309 1224 1377 1284 in
1408 1222 1900 1307 septentrionem
1931 1242 2168 1287 oceano
2200 1223 2644 1304 circumdatas,
2687 1221 2891 1286 Medi-

664 1308 1030 1376 terraneusb
1087 1306 1453 1370 interiectus
1514 1305 1928 1370 discriminat.
2031 1304 2136 1370 Ab
2182 1305 2344 1370 Asia
2397 1328 2550 1370 vero
2623 1306 2887 1370 interius

668 1414 884 1458 earum
926 1388 1188 1454 alteram
1229 1388 1411 1452 Nilus
1426 1401 1470 1472 ⁰,
1515 1387 1780 1454 alteram
1822 1411 1974 1454 vero
2017 1389 2555 1456 Mediterraneum
2586 1389 2892 1454 Thanais-

670 1499 792 1563 que
834 1497 911 1539 ac
953 1473 1201 1554 Meotis,
1256 1483 1328 1536 ut
1370 1471 1614 1538 dictum
1658 1483 1770 1554 est,
1828 1474 2187 1559 seiungunt.
2275 1474 2562 1554 Quarum
2606 1471 2894 1558 singulae

670 1583 817 1627 cum
858 1560 1150 1644 proprias
1191 1555 1467 1621 habeant
1509 1554 2003 1639 distributiones,
2043 1557 2347 1642 Europae
2389 1566 2604 1621 tamen
2692 1566 2893 1620 artem

667 1666 882 1726 unam,
927 1663 1089 1740 quae
1134 1638 1343 1704 Gallia
1384 1664 1423 1705 a
1466 1641 1740 1705 candore
1765 1651 1788 1685 ²
1832 1651 2115 1722 vocatur,
2171 1661 2246 1705 eo
2291 1640 2465 1726 quod
2507 1661 2628 1704 can
2676 1638 2892 1703 ‘dioris
3009 1711 3011 1718 Ι

670 1728 906 1815 speciei
948 1726 1197 1808 insigne
1241 1726 1374 1789 eius
1419 1724 1672 1788 oriundi
1712 1724 2050 1811 preferant,
2109 1727 2178 1788 in
2218 1746 2364 1789 suas
2409 1723 2707 1789 diducere
2750 1745 2892 1808 par·
3003 1803 3006 1810 Ι

670 1821 764 1879 tes
807 1821 1016 1876 ratum
1058 1808 1234 1873 duxi.

1032 1929 1126 1994 *2.
1212 1928 1405 1992 Istius
1450 1927 1697 1994 Galliae
1740 1952 1856 2015 per
1896 1939 2112 2016 partes
2157 1929 2534 1995 distributio.

838 2030 1089 2098 GaHia³
1131 2052 1284 2116 ergo
1328 2031 1433 2096 etd
1474 2031 1661 2117 ipsad
1701 2031 1767 2094 in
1807 2032 1928 2096 tria
1956 2031 2252 2096 distincta
2293 2041 2406 2115 est,
2448 2033 2517 2095 in
2545 2028 2891 2116 Belgicam,

672 2116 998 2198 Celticam,
1041 2115 1510 2201 Aquitanicam.
1598 2116 1885 2196 Quarum
1928 2117 2103 2201 prior
2130 2114 2396 2201 Belgica
2429 2137 2469 2178 a
2495 2115 2737 2196 Rhen0,
2785 2115 2894 2199 qui

672 2200 1084 2266 Germaniam
1133 2200 1216 2265 ab
1272 2221 1507 2264 oceano
1564 2200 1957 2282 determinat,
2017 2222 2178 2286 quae
2222 2199 2562 2264 multarum
2608 2199 2895 2284 gentium

667 2285 849 2350 ferax
892 2307 931 2349 a
1017 2285 1385 2352 erminando
1428 2305 1664 2348 nomen
1721 2286 1970 2371 accepit
1982 2297 2026 2367 ⁴,
2094 2285 2527 2370 exporrigitur
2579 2304 2787 2368 usque
2829 2283 2896 2346 in

668 2368 934 2434 fluvium
1046 2379 1352 2433 atronam.
1436 2367 1542 2433 Ab
1561 2371 1589 2399 *
1632 2379 1901 2456 utroque
1952 2390 2104 2433 vero
2157 2367 2369 2452 latere,
2430 2369 2578 2434 hinc
2632 2367 2823 2454 quide

668 2453 945 2540 Alpibus
989 2453 1308 2534 Penninis,
1360 2452 1508 2516 inde
1549 2474 1702 2516 vero
1757 2453 1918 2516 mari
1970 2451 2258 2536 vallatur,
2314 2453 2494 2517 cuius
2553 2449 2827 2516 circumi*

672 2539 847 2602 sione
881 2535 1088 2600 insula
1128 2535 1526 2600 Brittannica
1568 2535 1856 2600 efficitur.
1945 2535 2187 2601 Celtica
2216 2546 2429 2601 autem
2442 2539 2501 2568 *²⁰²
2530 2557 2569 2598 a
2595 2536 2890 2598 Matrona
2987 2539 2992 2545 '

717 2643 786 2685 er
826 2618 1088 2704 longum
1128 2620 1195 2682 in
1238 2617 1611 2682 Garunnam
1657 2618 2066 2703 distenditur3
2113 2621 2293 2686 cuius
2310 2622 2398 2656 ***
2438 2618 2636 2684 latera
2667 2617 2889 2682 oceani

672 2643 1052 2768 Brittannici
1096 2710 1159 2767 et
1199 2700 1442 2766 insulae
1471 2702 1907 2767 Brittannicae
1949 2701 2179 2769 limites
2222 2704 2479 2770 habent.
2564 2698 2888 2787 Quicquid

671 2809 823 2852 vero
862 2808 902 2850 a
930 2785 1237 2850 Garunna
1280 2785 1656 2852 distenditur
1669 2788 1694 2830 †
1736 2787 1803 2849 in
1846 2787 2203 2871 Pireneum,
2248 2786 2634 2874 Aquitanica
2676 2782 2889 2870 appel-

672 2869 854 2954 latur,
931 2870 1081 2934 hinc
1096 2871 1149 2914 Η
1219 2869 1532 2935 Rhodano
1589 2868 1906 2957 Ararique
1970 2882 2036 2937 at
2079 2894 2161 2935 ue
2224 2872 2373 2938 inde
2427 2869 2888 2936 Mediterraneo

676 2954 1091 3020 conlimitans.
1178 2952 1445 3018 Constat
1468 2955 1704 3038 itaque,
1734 2956 1926 3020 totius
1957 2953 2014 3020 G
2108 2956 2204 3020 'ae
2233 2957 2508 3042 spatium
2538 2955 2620 3020 ab
2652 2954 2893 3018 oriente

718 3039 932 3104 uidem
962 3038 1201 3119 Rhen0,
1231 3036 1312 3101 ab
1344 3036 1674 3102 occidente
1690 3039 1981 3123 Pyreneo
1999 3043 2098 3121 †††,
2131 3048 2194 3103 et
2220 3061 2260 3102 a
2289 3041 2712 3139 septentrione
2734 3037 2895 3102 mari

732 3123 1087 3204 rittannicO,
1130 3121 1211 3186 ab
1254 3131 1465 3186 austro
1509 3143 1665 3186 vero
1707 3122 2170 3189 Mediterraneo
2215 3123 2406 3208 cingi.

820 3244 866 3315 ⁶)
903 3249 985 3301 Ab
1020 3276 1086 3286 —
1128 3248 1354 3300 efficitur
1388 3247 1447 3299 i‘n
1483 3265 1655 3316 mary.

796 3321 868 3390 **)
906 3329 1083 3374 autem
1120 3322 1248 3374 hinc
1277 3323 1537 3388 Matrona,
1576 3321 1702 3372 inde
1743 3322 1995 3374 Garunna
2033 3322 2264 3374 abluitur
2305 3324 2351 3374 1.

764 3394 863 3465 uo)
902 3399 1053 3448 cuius
1091 3422 1161 3434 —
1199 3396 1401 3447 habent
1436 3393 1496 3446 in
1533 3413 1703 3463 marg.
2506 3447 2518 3458 ι

820 3468 870 3538 †)
911 3470 966 3523 d.
1002 3472 1059 3520 in
1095 3471 1373 3533 Hiberum,
1412 3470 1505 3535 qui
1541 3468 1798 3520 Hiberiae
1849 3471 2057 3535 regioni
2105 3473 2299 3520 nomen
2353 3467 2564 3530 indidit,
2622 3480 2790 3531 usque
2839 3466 2897 3514 in
3003 3465 3005 3528 ξ

912 3559 1169 3595 oceanum
1213 3545 1261 3594 1.

794 3613 871 3682 st)
908 3617 1035 3666 hinc
1073 3618 1380 3683 provinciae
1418 3615 1772 3682 Lugdunensi
1811 3632 1946 3666 corr.
1984 3615 2247 3668 Rhodano
2274 3615 2532 3679 Arar-ique
2572 3617 2732 3678 atque
2769 3610 2895 3661 inde
3003 3647 3005 3678 ,

913 3689 1059 3739 Med.
1101 3704 1148 3741 c.
1186 3689 1243 3739 in
1280 3706 1449 3756 marq.
1493 3690 1543 3740 1.
1697 3686 1799 3753 111)
1838 3689 2056 3755 Hybero
2100 3691 2148 3741 1.

794 3776 840 3831 a)
872 3780 989 3819 Haeo
1018 3780 1205 3828 capitum
1234 3784 1487 3829 arqumenta
1516 3781 1566 3820 in
1596 3781 1688 3820 cod.
1719 3791 1882 3830 temper
1911 3781 1959 3820 in
1989 3781 2182 3830 maraine
2221 3779 2384 3829 scripta
2412 3783 2514 3817 mm
2544 3776 2781 3826 majoribus
2805 3775 2893 3824 ple·

676 3849 859 3889 rumque
899 3839 1065 3878 litteris.
1198 3837 1245 3890 b)
1278 3839 1443 3878 litterae
1482 3848 1565 3878 eus
1605 3839 1678 3878 vix
1721 3839 1800 3889 legi
1835 3846 2046 3891 possum,-
2092 3840 2480 3880 Mediterraneum
2526 3835 2814 3886 interjectum
2844 3833 2893 3874 P.

679 3896 720 3950 c)
751 3899 883 3939 Nilos
914 3909 1027 3938 corr.
1058 3897 1208 3939 Nilus.
1328 3895 1374 3948 d)
1401 3902 1502 3946 poet
1533 3897 1633 3939 add.

828 3973 883 4042 1)
923 3975 1006 4026 Cf.
1029 3975 1205 4027 Orosii
1230 3973 1266 4026 l.
1288 3975 1333 4035 I,
1361 3990 1406 4024 c.
1430 3974 1480 4024 2.
1615 3973 1667 4043 2)
1706 3977 1789 4026 Ex
1815 3976 2005 4029 Isidor.
2027 3978 2201 4042 Etym.
2241 3975 2385 4039 XIV,
2412 3975 2464 4038 4,
2493 3973 2578 4024 25.
2729 3972 2784 4035 3)
2813 3969 2893 4022 Of.
2939 4025 2946 4029 ,

680 4049 879 4100 Caesar
902 4049 947 4111 1,
979 4049 1027 4112 1,
1065 4063 1221 4114 quem
1261 4047 1349 4098 hic
1387 4049 1626 4114 sequitur
1662 4049 1940 4113 Richerus,
1978 4066 2152 4116 neque
2189 4055 2368 4102 tamen
2404 4053 2594 4114 postea
2631 4045 2732 4098 sibi
2773 4061 2893 4095 con-

679 4127 801 4185 stat,
836 4123 1183 4187 Aquitaniam
1220 4121 1289 4171 ad
1327 4120 1564 4186 Ligerim
1604 4138 1771 4189 usque
1813 4123 2121 4175 extendens.
2161 4151 2228 4162 —
2269 4122 2401 4188 cap.
2442 4121 2491 4172 2.
2525 4121 2576 4170 3.
2618 4118 2893 4169 Ekkehar·

680 4194 778 4247 dus
814 4196 870 4245 in
907 4195 1127 4246 historia
1161 4195 1372 4261 Pippini
1413 4200 1465 4244 et
1496 4195 1880 4248 Karolomanui
1917 4198 2172 4248 maiorum
2217 4197 2402 4249 domus
2439 4195 2641 4260 regiae,
2681 4192 2778 4246 SS.
2802 4193 2896 4254 VI,

678 4285 731 4336 p.
764 4267 884 4338 158,
926 4269 1222 4336 exscripsit.
1369 4264 1429 4334 4)
1467 4267 1658 4321 Isidor.
1697 4269 1734 4321 l.
1772 4270 1809 4322 1.
