3059 4834
529 261 636 310 124
871 286 875 291 -
1015 258 1324 312 RICHERI
1360 258 1866 341 HISTORIARUM
1902 258 2126 309 LIBER
2162 259 2271 309 111.

405 442 507 487 σει.
527 428 702 491 cives
747 447 892 491 cum
933 424 1224 491 viderent
1272 424 1446 491 nulla
1486 448 1526 489 a
1582 425 1713 489 suis
1768 426 2163 491 extrinsecus
2217 424 2519 509 suffragia
2571 425 2767 507 mitti,

524 533 646 575 nec
688 511 856 595 iugis
897 508 1082 595 prelii
1123 509 1375 595 pondus
1419 532 1485 574 se
1529 510 1797 575 tolerare
1854 532 2045 596 posse
2058 520 2102 591 ⁸,
2157 508 2419 574 consilio
2462 509 2620 573 inito
2665 510 2767 572 in-

527 594 834 680 dempnes
878 603 941 659 et
979 595 1202 659 intacti
1242 593 1528 659 hostibus
1582 616 1851 659 cessere.
1930 591 2175 659 Urbem
2227 594 2649 678 aperueruntb
2697 602 2770 657 et

527 701 664 743 sese
706 678 1008 743 Lothario
1051 679 1206 743 victi
1249 676 1627 743 obtulerunt.
1716 679 1916 765 (102.)
2004 677 2257 758 Quibus
2298 679 2595 763 peractiS,
2640 699 2765 741 rex

525 762 611 826 ad
653 762 879 827 urbem
921 762 1222 827 tuendam
1263 784 1334 825 re
1379 763 1550 825 inam
1580 762 1879 825 Emmam
1906 763 1973 825 in
2002 783 2079 827 ea
2105 760 2375 848 reliquit.
2428 762 2579 846 Ipse
2608 782 2763 825 cum

527 848 814 912 exercitu
842 845 1224 911 Laudunum
1267 785 1472 927 regist,
1519 868 1667 910 suos
1710 846 1899 911 etiam
1942 846 2027 909 ad
2069 868 2187 910 sua
2212 846 2419 910 redire
2448 846 2766 931 permisit.

528 932 772 995 Tantae
814 930 1283 996 benivolentiae
1327 929 1544 994 favore
1574 929 1749 1015 apud
1780 952 1886 994 eos
1916 952 2088 1011 usus,
2132 941 2205 995 ut
2230 930 2501 1015 repetito
2531 929 2763 995 itinere

530 1038 597 1080 se
653 1014 916 1079 ulterius
973 1017 1191 1097 ituros,
1236 1015 1290 1079 si
1332 1014 1597 1096 iuberet,
1640 1012 2113 1099 pollicerentur3
2173 1022 2235 1079 et
2284 1012 2595 1099 neglectis
2637 1035 2761 1098 pro

526 1109 654 1164 tem
708 1121 814 1164 ore
857 1096 1156 1163 domibus
1200 1108 1262 1163 et
1302 1098 1489 1180 natis‚·
1532 1120 1678 1163 cum
1718 1097 1898 1163 hoste
1938 1098 2291 1162 comminus
2321 1098 2757 1161 dimicaturos.

525 1183 622 1247 Lo
695 1183 866 1247 arius
909 1184 1150 1261 interea
1191 1181 1367 1268 apud
1411 1203 1560 1246 suos
1607 1180 2013 1263 deliberabat,
2070 1192 2281 1246 utrum
2323 1182 2536 1267 potius
2578 1180 2760 1261 foret,

529 1290 666 1333 sese
710 1266 973 1331 ulterius
1018 1267 1110 1332 ire
1163 1267 1486 1353 armisque
1543 1275 1645 1331 et⁰
1694 1266 1936 1331 viribus
1953 1278 1978 1309 ⁰
2020 1276 2217 1331 totam
2260 1263 2587 1350 Belgicam
2634 1264 2761 1329 sibi

528 1350 894 1437 subiugare,
939 1373 1023 1415 an
1063 1350 1399 1416 residendo
1428 1350 1723 1432 Virduni‚
1766 1373 1885 1435 per
1910 1350 2153 1435 legatos
2185 1346 2418 1415 habitis
2449 1350 2761 1413 suasioni-

525 1436 664 1516 buS,
722 1457 930 1501 mores
986 1435 1264 1499 hostium
1317 1434 1398 1498 ad
1443 1457 1630 1498 suum
1673 1436 1956 1499 animum
1997 1434 2356 1499 informare.
2459 1432 2531 1497 Si
2586 1434 2763 1497 enim

527 1540 637 1583 eos
699 1518 864 1583 ferro
922 1520 1222 1599 vinceret,
1288 1540 1436 1582 cum
1496 1518 1564 1581 id
1624 1521 1758 1583 sine
1813 1518 2012 1583 multo
2068 1519 2375 1603 sanguine
2430 1517 2571 1581 fieri
2626 1539 2762 1581 non

525 1611 762 1687 posset,
807 1600 1130 1686 cogitabat
1171 1604 1238 1665 in
1279 1611 1607 1688 posterum
1651 1604 1857 1665 minus
1903 1604 1992 1667 eis
2023 1601 2427 1679 credendum,
2472 1622 2547 1665 eo
2584 1601 2760 1686 quod

528 1686 879 1749 amicorum
939 1684 1156 1749 labem·
1203 1688 1292 1751 eis
1347 1684 1647 1749 intulerit.
1752 1686 1823 1750 Si
1877 1708 2026 1751 vero
2079 1710 2195 1773 per
2258 1683 2759 1751 benivolentiam

525 1790 890 1834 reversuros
945 1779 1330 1855 expectaret,
1387 1769 1743 1835 cavendum
1795 1771 2082 1856 putabat,
2140 1794 2221 1835 ne
2277 1771 2343 1833 in
2401 1778 2577 1833 tanto
2626 1770 2761 1833 otio

521 1852 736 1917 hostes
777 1851 1212 1919 insolentiores
1253 1854 1685 1919 redderentur.

1029 2010 1165 2075 103.
1237 2010 1554 2075 Virdunid
1596 2011 1885 2075 invasiod
1935 2033 1975 2073 a
2014 2011 2251 2097 Belgis.

394 2136 514 2178 985⁴?
695 2113 870 2178 Dum
913 2112 1072 2177 haec
1115 2112 1312 2177 multa
1356 2113 1817 2179 consultatione
1857 2113 2206 2196 ventilaret,
2259 2112 2377 2177 Bel
2422 2114 2559 2178 icae
2619 2114 2759 2178 dux

529 2196 941 2262 Teodericus
981 2220 1229 2261 necnon
1285 2205 1348 2262 et
1397 2199 1498 2260 vir
1553 2198 1787 2262 nobilis
1853 2220 1929 2261 ac
1996 2208 2287 2262 strenuus
2347 2136 2761 2279 GgodefridUS,

533 2280 890 2365 Sigefridus
936 2303 1190 2367 quoque
1209 2294 1232 2323 ⁰
1277 2282 1395 2344 vir⁴
1429 2281 1709 2364 illustris,
1763 2281 1977 2346 Bardo
2021 2282 2210 2346 etiam
2256 2292 2319 2347 et
2364 2280 2590 2346 Gozilo
2633 2282 2761 2345 fra-

529 2375 656 2429 tres
716 2364 1048 2429 clarissimi
1102 2375 1165 2431 et
1215 2366 1705 2429 nominatissimi
1778 2365 2011 2451 aliique
2077 2366 2400 2451 principes
2468 2365 2764 2430 nonnulli

531 2447 798 2513 latenter
848 2458 1278 2535 pertemptant
1323 2450 1681 2514 Virdunum
1725 2450 2072 2534 irrumpere
2116 2472 2385 2537 eamque
2430 2472 2471 2513 a
2513 2448 2761 2515 Gallis0
3024 2480 3028 2547 ᾗ

531 2555 865 2598 evacuare.
953 2534 1296 2619 Factisque
1337 2533 1607 2615 insidiis,
1649 2535 2115 2617 negotiatorum
2158 2534 2525 2616 claustrum,
2569 2557 2756 2599 muro
3025 2586 3028 2603 2

530 2618 730 2680 instar
771 2617 991 2702 oppidi
1051 2626 1431 2699 extructum,
1490 2618 1572 2682 ab
1616 2616 1773 2681 urbe
1819 2618 2075 2704 quidem
2118 2618 2303 2683 Mosa
2352 2617 2755 2683 interfluente
3023 2606 3028 2699 Ι

531 2701 908 2780 seiunctum,
953 2701 1064 2765 sed
1093 2701 1392 2786 pontibus
1438 2700 1689 2765 duobus
1718 2704 2093 2765 interstratis
2132 2704 2191 2766 ei
2219 2724 2561 2785 annexum,
2608 2726 2757 2768 cum
3025 2714 3028 2741 ³

532 2783 747 2848 electis
802 2784 1074 2848 militum
1121 2786 1318 2869 copiis
1375 2786 1648 2866 ingressi
1692 2795 1857 2849 sunt.
1942 2786 2282 2849 Annonam
2338 2808 2592 2851 omnem
2637 2790 2759 2851 cir-

533 2888 936 2954 cumquaque
990 2867 1221 2931 milites
1269 2867 1557 2952 palantes
1614 2868 1949 2934 advectare
1991 2870 2298 2935 fecerunt.
2383 2870 2761 2955 Negotiato-

529 2974 672 3015 rum
718 2973 969 3036 quoque
997 2952 1202 3014 victus
1245 2952 1541 3016 inusum
1583 2952 1883 3018 bellicum
1912 2964 2314 3040 acceperunt.
2397 2954 2758 3039 Lignorum

529 3034 744 3099 trabes
789 3057 872 3098 ex
913 3034 1257 3119 Argonna¹
1319 3058 1514 3122 aggre
1564 3040 1656 3101 ari
1698 3039 2032 3119 iusserunt,
2090 3049 2177 3119 ut,
2238 3040 2294 3102 si
2335 3036 2417 3102 ab
2460 3038 2757 3104 hostibus

532 3129 714 3183 extra
766 3120 1096 3182 machinae
1154 3122 1351 3183 muris
1409 3060 1909 3207 applicarentur,
1980 3124 2107 3208 ipsi
2174 3145 2427 3208 quoque
2483 3124 2757 3187 interius

533 3202 962 3268 obtinentibus
1016 3205 1324 3267 machinis
1381 3207 1675 3271 obstarec
1730 3206 2117 3270 molirentur.
2218 3207 2440 3271 Crates
2499 3229 2757 3293 quoque

528 3284 875 3352 viminibus
907 3298 969 3352 et
1007 3286 1305 3352 arborum
1334 3289 1665 3353 frondibus
1693 3290 1935 3354 validas
1974 3292 2396 3373 intexuerunt,
2440 3291 2757 3356 machinis

531 3372 785 3454 erectis,
861 3373 914 3435 si
980 3396 1081 3437 res
1138 3384 1541 3458 exposceret,
1610 3373 2171 3459 supersternendos
2185 3375 2219 3437 f.
2318 3373 2526 3439 Sudes
2586 3374 2754 3440 ferro

529 3458 923 3519 acuminatos
970 3467 1033 3521 et
1073 3458 1222 3541 igne
1267 3458 1563 3522 subustos
1607 3458 1689 3521 ad
1725 3457 1937 3522 hostes
1991 3458 2499 3523 transfodiendos
2560 3482 2756 3546 quam

527 3538 744 3624 plures
805 3551 1206 3625 aptaverunt.
1291 3540 1561 3605 Missih‘a
1601 3542 1762 3605 varii
1816 3544 2066 3626 generis
2114 3565 2232 3627 per
2288 3542 2501 3607 fabros
2560 3566 2755 3630 expe-

530 3624 722 3688 diere.
824 3626 1100 3689 Funium
1156 3624 1458 3689 millena&
1509 3623 1838 3689 volumina
1899 3626 1981 3699 ad
2038 3649 2191 3690 usus
2256 3626 2539 3691 diversos
2605 3650 2754 3692 con-

527 3718 862 3773 vexerunt.
970 3708 1226 3794 Clipeos
1290 3731 1542 3795 quoque
1604 3709 1933 3774 habendae
1998 3710 2303 3775 testudini
2367 3710 2755 3775 ordinandos

528 3793 950 3858 instituerunt.
1036 3793 1334 3857 Preterea
1377 3802 1644 3858 centena
1685 3795 1905 3857 mortis
1948 3803 2261 3859 tormenta
2302 3816 2431 3858 non
2474 3794 2753 3861 defuere.

647 3981 692 4034 a)
725 3993 990 4034 paucosque
1022 3984 1307 4023 multitudini
1348 3985 1512 4025 cedere
1554 3985 1655 4027 add.
1695 3986 1736 4028 1.
1898 3983 1944 4037 b)
1978 3996 2203 4035 aperuere
2246 3996 2347 4025 sese
2383 4009 2435 4017 —
2468 3987 2673 4027 obtulere
2706 3990 2748 4027 1.

528 4040 577 4151 g
597 4043 831 4141 ἕὶιςιιιεαῗά.
1011 4040 1056 4093 d)
1090 4043 1142 4094 V,
1175 4044 1226 4083 in
1256 4043 1368 4083 absc.
1549 4042 1593 4095 e)
1626 4044 1684 4083 ab
1726 4044 1933 4085 hostibus
1976 4046 2016 4085 1.
2194 4042 2228 4095 f)
2262 4048 2672 4095 supersternendas
2708 4050 2749 4087 1.

676 4230 733 4300 1)
775 4233 923 4285 Silva
961 4235 1029 4284 ab
1068 4233 1350 4285 occidente
1376 4233 1620 4286 Virduni.
