3059 4834
530 247 635 298 106
1069 244 1376 296 RICHERI
1415 244 1921 297 HISTORIARUM
1958 243 2180 294 LIBER
2216 242 2322 294 111.

407 435 509 477 98⁰.
526 413 1059 501 prestolabantur.
1130 411 1503 476 Haerebant
1546 412 1798 493 etenim,
1843 434 1927 475 an
1957 409 2175 475 Otrico
2193 421 2218 452 ¹¹
2258 410 2580 497 quispiam
2610 408 2786 473 resi-

525 509 691 563 stere
762 496 1041 562 auderet.
1156 494 1423 560 Necnon
1496 505 1561 559 et
1631 518 1713 560 au
1805 505 1940 559 stus
2010 494 2374 558 huiusmodi
2441 502 2785 556 certamen

524 582 892 648 habendum
936 579 1160 644 callide
1203 579 1655 664 pertractabat.
1798 577 2075 644 itebatur
2115 588 2330 642 autem
2376 576 2784 642 Gerbertum

526 667 854 730 incautum
886 663 1106 732 Otrioo
1151 685 1187 727 0
1238 685 1494 748 ponere,
1541 673 1630 742 ut,
1675 665 1730 726 si
1771 663 2063 727 incautus
2093 671 2524 747 appeteretur,
2569 661 2784 723 maio-

526 773 664 814 rem
708 758 1157 814 controversan
1207 770 1226 809 1
1269 751 1558 810 animum
1585 747 1653 810 in
1684 747 2071 810 contrarium
2099 755 2407 810 moveret.
2467 745 2782 810 Otricum

526 855 677 898 vero
723 831 923 898 multa
963 854 1081 917 pro
1132 853 1322 895 onere
1365 829 1602 894 nihilve
1633 829 1877 896 solvere
1907 828 2300 894 hortabatur.
2375 831 2592 914 Atque
2621 827 2780 891 hisl’

528 917 823 982 omnibus
867 939 948 980 ex
994 938 1066 980 or
1114 917 1253 980 inec
1313 915 1808 996 considentibuS,
1865 924 2174 999 augustus
2229 935 2452 977 eorum
2511 911 2782 976 medius

530 1002 621 1065 sic
663 1001 743 1066 eb
786 998 1082 1064 sublimib
1127 999 1365 1083 coepit:

527 1121 629 1188 58.
716 1119 1036 1185 Allocutio
1096 1120 1352 1204 augusti
1405 1117 1659 1182 Ottonis
1716 1119 1783 1181 in
1841 1127 2156 1182 conventu
2209 1118 2593 1202 sapientium
2645 1137 2780 1200 pro

1243 1201 1684 1266 emendatione
1728 1202 1971 1287 figurae
1988 1203 2035 1265 ¹³.

700 1304 1123 1386 ‘Humanam',
1169 1305 1497 1390 inquiens,
1545 1311 1638 1368 ‘ut
1679 1304 1952 1369 arbitror
1993 1303 2320 1366 scientiam
2368 1302 2594 1366 crebra
2634 1324 2781 1366 me-

531 1389 754 1452 ditatio
774 1388 879 1452 vel
901 1389 1272 1454 exercitatio
1294 1388 1504 1454 reddit
1524 1386 1869 1470 meliorem,
1902 1388 2196 1472 quotiens
2213 1387 2241 1428 ‘¹
2263 1409 2475 1451 rerum
2497 1387 2785 1449 materia

531 1482 964 1558 competenter
1021 1472 1349 1537 ordinatae
1412 1472 1812 1536 sermonibus
1879 1471 2215 1558 exquisitis
2271 1493 2388 1556 per
2446 1468 2783 1555 quoslibet

530 1557 849 1641 sapientes
894 1556 1168 1620 effertur.
1234 1555 1400 1619 Nam
1445 1576 1591 1618 cum
1636 1577 1753 1640 per
1795 1556 1996 1618 otium
2041 1555 2372 1639 sepissime
2415 1563 2779 1638 torpemus,

532 1640 587 1703 si
628 1637 988 1723 aliquorum
1044 1639 1372 1724 pulsemur
1426 1639 1883 1722 questionibus,
1939 1638 2020 1702 ad
2062 1637 2397 1702 utillimam
2441 1659 2593 1701 mox
2637 1660 2782 1703 me-

528 1723 899 1787 ditationem
977 1723 1333 1787 incitamur.
1434 1723 1606 1786 Hinc
1674 1723 1939 1786 scientia
2009 1745 2222 1786 rerum
2293 1744 2332 1785 a
2376 1721 2780 1786 doctissimis

533 1806 743 1870 elicita
786 1816 899 1870 est.
984 1806 1158 1870 Hinc
1200 1815 1313 1889 est,
1358 1806 1529 1892 quod
1571 1807 1653 1870 ab
1700 1807 1791 1870 eis
1833 1805 2080 1891 prolata
2121 1805 2301 1872 libris
2345 1805 2580 1870 tradita
2621 1815 2785 1870 sunt

530 1891 843 1977 nobisque
901 1889 984 1954 ad
1038 1891 1190 1956 boni
1249 1891 1552 1956 exercicii
1609 1889 1879 1975 gloriam
1934 1888 2237 1954 derelicta
2252 1891 2287 1954 f.
2385 1888 2781 1954 Afficiamur

530 1975 728 2060 igitur
770 1985 833 2038 et
872 1996 991 2038 nos
1033 1974 1353 2061 aliquibus
1386 1975 1669 2056 obiectiS‚
1718 1975 1948 2060 quibus
1980 1983 2043 2037 et
2071 1975 2322 2037 animus
2353 1972 2778 2038 excellentior

531 2059 613 2122 ad
671 2056 1129 2144 intelligentiae
1190 2060 1471 2123 cerciora
1529 2058 1816 2122 ducatur.
1915 2057 2003 2121 Et
2059 2059 2191 2136 eia,
2251 2059 2512 2143 inquam
2531 2059 2581 2137 b,
2635 2058 2776 2121 iam

529 2165 703 2206 nunc
756 2142 1159 2208 revolvamus
1200 2143 1476 2228 figuram
1519 2140 1694 2205 illam
1739 2142 1862 2206 deb
1905 2140 2385 2226 philosophiaeb
2415 2141 2705 2226 partibus
2717 2142 2774 2224 ¹³,

532 2249 697 2325 quae
756 2228 941 2293 nobis
995 2249 1159 2291 anno
1218 2228 1546 2312 superiore
1601 2234 1951 2290 monstrata
2010 2237 2124 2289 est.
2215 2225 2456 2290 Omnes
2501 2223 2780 2310 diligen-

532 2311 773 2376 tissime
833 2332 975 2374 eam
1029 2311 1385 2376 advertant.
1479 2311 1846 2396 Dicantque
1907 2307 2157 2394 singuli,
2211 2309 2368 2394 quid
2411 2310 2480 2372 in
2525 2331 2600 2373 ea
2653 2319 2779 2374 aut

533 2403 755 2460 contra
798 2417 941 2458 eam
986 2395 1279 2459 sentiant.
1369 2393 1441 2458 Si
1483 2393 1716 2457 nullius
1777 2393 2172 2458 extrinsecus
2226 2393 2490 2477 indiget,
2549 2402 2775 2458 vestra

538 2480 821 2544 omnium
877 2478 1211 2543 roboretur
1262 2478 1743 2562 approbatione.
1843 2477 1915 2542 Si
1956 2499 2108 2541 vero
2169 2477 2546 2562 corrigenda
2587 2476 2772 2542 vide-

535 2563 725 2642 bitur,
784 2563 1165 2646 sapientium
1220 2562 1550 2626 sententiis
1603 2572 1713 2626 aut
1753 2559 2151 2645 improbetur
2193 2572 2304 2626 aut
2345 2561 2428 2624 ad
2471 2582 2770 2624 normam

534 2646 880 2731 redigatur.
990 2645 1353 2731 Coramque
1398 2645 1755 2709 deferatur&
1796 2647 1922 2709 iam
1967 2667 2140 2708 nunc
2183 2643 2495 2708 videnda'.
2583 2645 2773 2708 Tunc

535 2728 791 2794 Otricus
834 2751 975 2794 eam
1018 2730 1084 2791 in
1127 2737 1347 2826 aperto
1401 2728 1747 2813 proferenS,
1806 2751 1846 2792 a
1892 2729 2206 2793 Gerberto
2262 2729 2356 2792 sic
2411 2729 2775 2793 ordinatam

300 2835 409 2882 ’τοι
426 2840 513 2881 sen
536 2823 597 2878 et
636 2835 676 2876 a
720 2813 853 2876 suis
911 2811 1310 2877 auditoribus
1369 2835 1528 2876 exce
1579 2824 1706 2876 tam
1763 2814 2192 2899 scriptamque
2249 2812 2612 2897 respondit3
2649 2815 2777 2876 “et

306 2915 377 2969 ἰ».
413 2897 624 2960 <music
668 2896 903 2960 domno
960 2917 1041 2959 au
1090 2907 1234 2961 usto
1298 2895 1522 2981 *legen
1568 2919 1672 2960 am
1765 2898 2019 2961 orrexit.
2109 2896 2293 2976 Quae
2348 2895 2631 2981 perlecta
2681 2895 2775 2960 ad

534 2979 917 3044 Gerbertum
980 2979 1060 3043 de
1085 2991 1189 3044 ata
1246 2990 1359 3044 est.
1466 2980 1596 3060 Qui
1649 2919 1987 3066 diligenter
2047 3001 2189 3043 eam
2241 3002 2642 3067 percurrens,
2697 2981 2775 3044 in

534 3075 715 3149 parte
758 3086 797 3127 a
839 3063 1073 3162 probat
1116 3073 1179 3129 et
1219 3065 1286 3128 in
1328 3073 1508 3150 parte
1551 3065 1888 3151 vituperat,
1951 3062 2268 3149 simulque
2313 3085 2442 3127 non
2487 3065 2581 3128 sic
2625 3085 2776 3129 eam

535 3170 672 3212 sese
718 3169 789 3212 or
836 3169 1043 3213 masse
1085 3150 1372 3213 asseruit.

744 3269 845 3334 59.
931 3268 1186 3332 Divisio
1230 3267 1664 3332 theoreticaeh
1708 3266 2146 3353 philosophiae
2189 3269 2256 3331 in
2299 3268 2568 3354 species.

700 3371 988 3456 Rogatus
1032 3380 1244 3435 autem
1288 3371 1370 3436 ab
1415 3379 1689 3454 augusto
1742 3370 2076 3454 corrigere,
2134 3371 2251 3435 ait:
2318 3370 2683 3452 Quoniam,
2730 3392 2772 3436 ο

534 3477 765 3540 magne
810 3476 1028 3519 caesar
1082 3463 1369 3538 auguste,
1426 3464 1488 3518 te
1533 3454 1630 3518 his
1675 3452 1972 3518 omnibus
2015 3455 2326 3538 potiorem
2369 3453 2578 3536 videO,
2622 3454 2773 3538 tuis,

534 3547 607 3601 ut
634 3559 752 3622 par
782 3549 893 3618 est,
939 3539 1129 3602 iussis
1159 3539 1420 3622 parebo.
1492 3537 1629 3602 Nec
1671 3537 1953 3603 movebit
1982 3559 2084 3602 me
2114 3536 2555 3602 malivolorum
2585 3538 2772 3621 livor,

577 3643 805 3684 uorum
860 3623 1160 3686 instinctu
1213 3622 1280 3686 id
1322 3621 1562 3685 factum
1608 3631 1729 3703 est,
1792 3632 1864 3686 ut
1917 3621 2272 3686 rectissima
2324 3621 2774 3720 philosophiae

581 3705 786 3787 ivisi0,
830 3704 1245 3790 probabiliter
1290 3704 1694 3804 dilucideque
1739 3727 1778 3768 a
1821 3727 1923 3768 me
1966 3727 2169 3790 nuper
2213 3705 2522 3788 ordmata,
2577 3707 2770 3770 unius

533 3790 767 3877 speciei
810 3790 1249 3875 suppositione
1292 3791 1515 3854 vitiata
1559 3792 1696 3852 sit*.
1769 3788 1939 3852 Dico
1961 3789 2196 3875 itaque,
2228 3789 2768 3872 mathematicam,

680 3933 727 4001 ²⁶)
784 3935 905 3986 Non
956 3935 1095 3984 enim
1147 3935 1353 3998 ignoro,
1405 3950 1794 4000 quemcumque
1832 3935 2028 3984 bonum
2073 3934 2355 3986 calumniis
2395 3936 2768 3987 malivolorum

788 4008 1004 4059 assidue
1043 4009 1296 4058 insectari
1336 4007 1466 4057 add.
1511 4008 1558 4056 1.
2241 4001 2256 4014 '

650 4115 695 4167 a)
730 4126 887 4156 eorum
920 4117 1185 4157 doctissimo
1220 4120 1258 4166 1,
1291 4129 1405 4159 corr.
1441 4118 1482 4157 2.
1618 4115 1665 4168 b)
1691 4122 1792 4166 post
1824 4117 1924 4157 add.
2047 4115 2088 4167 c)
2121 4117 2170 4156 hi
2201 4127 2360 4157 omnes
2393 4119 2507 4158 iussi
2540 4119 2772 4160 consede-

532 4177 803 4283 ἱιίιιὲοιὼω
832 4173 878 4226 d)
912 4176 951 4215 si
984 4177 1028 4215 1.
1150 4173 1195 4227 e)
1231 4177 1469 4218 ordinetur
1499 4179 1546 4216 et
1580 4197 1630 4206 -—
1667 4175 1883 4216 efferatur
1915 4178 1956 4215 1.
2062 4173 2099 4228 f)
2131 4176 2297 4216 desunt
2317 4178 2358 4216 1.
2458 4177 2506 4231 g)
2524 4178 2697 4227 profer.
2724 4181 2776 4224 1.
