3059 4834
8 2258 16 2449 --—-.
10 2210 13 2245 —
10 2156 12 2165 -

746 274 1051 325 RIC'HERI
1092 273 1599 328 HISTORIARUM
1637 276 1860 329 LIBER
1897 276 2004 327 ΙΙΙ.
2449 281 2521 330 97

271 441 596 506 bonorum
674 439 911 506 utilitas
993 450 1093 506 eta
1155 464 1369 505 rerum
1439 441 1737 507 honestas
1803 453 2227 541 comparatur.
2340 443 2521 510 Sicut
2540 463 2644 505 922.

275 533 544 590 econtra
583 525 1036 612 pernitiosum,
1092 527 1147 588 si
1193 527 1377 610 pravi
1433 525 1774 607 confluant,
1835 537 1907 590 ut
1950 527 2167 592 sslicita
2212 537 2520 614 quaerant

272 620 347 675 et
402 607 724 694 expleant.
827 608 1017 673 Unde
1078 619 1139 673 et
1182 632 1315 691 vosJ,
1363 631 1523 695 quos
1583 611 1650 673 in
1706 610 1835 675 Dei
1898 613 2154 676 nomine
2220 609 2518 677 collectos

271 693 575 774 arbitror,
626 695 870 780 optima
914 715 1218 778 quaerere
1261 693 1480 758 hortor
1520 706 1714 779 atque
1759 717 1842 758 ex
1884 693 2311 761 malivolentia
2358 694 2519 760 nihil

272 777 491 842 moliri
542 798 791 842 moneo.
877 776 1081 840 Amor
1136 777 1437 841 secularis
1496 789 1560 842 et
1618 778 1840 842 odium
1896 779 2070 863 apud
2126 800 2244 842 vos
2302 779 2515 844 locum

270 859 527 925 nullum
572 860 866 941 habeant,
913 860 1186 947 quibusb
1231 872 1568 926 enervatur
1610 863 1869 943 iustitia,
1915 863 2205 948 aequitas
2247 863 2516 929 suffoca-

272 957 401 1011 tur.
470 945 683 1010 Vestri
728 945 965 1010 ordinis
1007 946 1270 1031 antiqua
1310 944 1535 1029 religio
1587 943 1669 1008 ab
1715 947 2110 1031 antiquitatis
2167 947 2516 1029 honestate,

274 1038 356 1094 ut
395 1028 567 1093 fama
609 1039 723 1110 est,
770 1051 967 1115 supra
1008 1027 1273 1092 modum
1316 1030 1655 1094 aberravit.
1742 1029 2087 1094 Dissidetis
2139 1031 2313 1094 enim
2356 1032 2518 1096 inter

270 1135 395 1178 vos
448 1114 515 1176 in
569 1114 713 1199 ipsa
754 1111 1065 1198 regularis
1110 1113 1349 1176 ordinis
1395 1113 1870 1196 consuetudine,
1927 1135 2073 1178 cum
2116 1113 2299 1180 aliter
2339 1113 2515 1196 alter,

271 1195 441 1262 alter
480 1195 663 1260 aliter
702 1195 857 1262 velit
897 1218 973 1259 ac
1016 1198 1261 1262 sentiat.
1344 1196 1611 1281 Quapro
1661 1205 1757 1261 ter
1799 1207 1862 1262 et
1904 1199 2224 1263 sanctitati
2266 1207 2517 1264 vestrae

270 1280 587 1345 hactenus
643 1281 914 1345 multum
970 1279 1342 1366 derogatum
1401 1291 1514 1346 est.
1683 1279 1806 1345 nde
1859 1291 1922 1346 et
1978 1281 2131 1347 utile
2191 1281 2382 1365 duxi,
2448 1292 2519 1346 ut

272 1362 467 1428 vobis
510 1364 615 1428 hic
656 1366 863 1448 gratia
904 1365 1032 1429 Dei
1076 1365 1141 1427 in
1186 1387 1384 1428 unum
1430 1363 1712 1429 collectis
1757 1365 2064 1429 suadeam
2105 1366 2275 1430 idem
2333 1363 2514 1446 velle,

270 1448 453 1513 idem
506 1451 769 1526 sentire,
831 1449 1003 1513 idem
1063 1451 1411 1534 cooperari,
1470 1459 1545 1513 ut
1601 1448 1826 1513 eadem
1881 1448 2235 1531 voluntate,
2291 1450 2518 1514 eodem

274 1555 504 1615 senSU,
568 1533 792 1597 eadem
847 1534 1292 1619 cooperatione
1351 1543 1415 1596 et
1467 1535 1672 1597 virtus
1729 1532 2022 1618 neglecta
2074 1543 2399 1620 repetatur
2455 1543 2519 1598 et

271 1617 613 1703 pravitatis
657 1615 936 1681 dedecus
979 1615 1534 1682 vehementissime
1577 1616 2026 1703 propulsetur'.

427 1736 525 1801 34.
613 1737 1009 1824 Responsioc
1051 1738 1378 1822 primatisc
1423 1747 1487 1803 et
1527 1737 1597 1800 in
1639 1750 1914 1822 pravos⁰
1958 1737 2313 1823 indignatio
2332 1750 2377 1801 ⁰.

445 1837 551 1903 Ad
580 1838 738 1903 haec
766 1836 1074 1904 abbatum
1103 1839 1371 1925 primas:
1418 1836 1631 1918 ‘Quod
1659 1839 1800 1919 hic',
1830 1840 2039 1924 inquit
2054 1841 2101 1920 d,
2149 1846 2236 1903 *ια
2273 1850 2340 1906 te
2416 1862 2516 1905 ro·
2539 1851 2655 1895 ⁸501·
2691 1852 2784 1898 δί’·

271 1920 637 2006 mulgatum
692 1933 812 2004 est,
871 1931 1056 2007 pater
1109 1923 1527 2002 sanctissime,
1588 1920 1717 1984 alta
1759 1924 2067 1986 memoria
2111 1923 2360 1987 conden
2406 1947 2515 1987 um

273 2016 404 2088 est,
462 2028 534 2072 eo
581 2006 754 2092 quod
797 2015 861 2068 et
902 2026 1247 2090 corporum
1303 2004 1369 2067 di
1460 2010 1679 2068 itatem
1732 2015 1796 2068 et
1836 2006 2194 2068 animarum
2249 2005 2518 2070 salutem

272 2089 557 2155 affectes·
656 2089 925 2155 Constat
975 2089 1147 2153 enim
1164 2099 1208 2170 ἃ,
1253 2087 1337 2151 ad
1370 2027 1685 2152 ffibitum
1722 2089 1975 2151 virtutis
2019 2089 2337 2153 neminem
2379 2111 2520 2174 per-

273 2174 549 2256 venisse,
603 2174 728 2236 nisi
785 2194 975 2257 quem
1030 2170 1171 2236 talis
1223 2173 1475 2234 animus
1530 2170 1821 2253 munivit,
1879 2193 2006 2256 quo
2053 2182 2118 2236 et
2159 2171 2520 2257 appetenda

272 2266 525 2343 peteret
588 2266 653 2319 et
714 2254 977 2319 vitanda
1038 2253 1368 2319 refelleret.
1454 2254 1645 2318 Unde
1711 2265 1774 2318 et
1834 2265 2030 2341 patet,
2097 2276 2214 2319 nos
2277 2254 2521 2341 aliquid

278 2339 617 2405 dedecoris
663 2338 1077 2419 contraxisse,
1168 2339 1298 2402 uod
1342 2338 1422 2403 ab
1462 2339 1842 2423 appetendis
1873 2338 2197 2424 aliquanto
2215 2351 2240 2382 θ
2271 2338 2520 2405 aberra-

276 2424 517 2487 vimus·
580 2421 773 2502 Quod
801 2423 994 2486 etiam
1036 2359 1236 2486 mtilta
1280 2421 1721 2506 obiurgatione
1762 2422 2360 2508 reprehendendum
2405 2433 2520 2504 est,

276 2527 445 2652 pum,
478 2528 597 2571 nec
638 2507 900 2591 ignavia
940 2527 1059 2570 nos
1101 2507 1597 2593 precipitaverit,
1652 2528 1774 2570 nec
1815 2507 2037 2592 inopia
2078 2507 2163 2570 ad
2205 2506 2275 2571 id
2316 2509 2522 2592 impu-

305 2591 428 2654 erit
449 2638 464 2655 .
2555 2600 2559 2604 “

552 2710 653 2773 35.
740 2710 944 2774 Itemf
981 2710 1364 2795 indignatio‘
1404 2709 1732 2796 primatisf
1773 2711 1868 2800 (in
1908 2711 2176 2776 vitiosos
2195 2711 2260 2798 f).

452 2811 657 2892 ‘Quae
700 2813 873 2877 enim
914 2813 1012 2876 vis
1054 2811 1328 2898 impulit,
1372 2822 1444 2876 ut
1489 2811 1838 2877 monachus
1882 2812 2050 2876 intra
2079 2810 2360 2877 claustra
2389 2835 2522 2876 mo-

275 2897 542 2959 nasterii
585 2895 925 2960 dominicis
983 2897 1257 2961 servitiis
1317 2896 1784 2981 mancipandus
1843 2907 2239 2982 compatrem
2290 2896 2525 2961 habeat

276 2987 348 3044 et
389 2989 719 3066 compater
760 2980 1058 3045 dicatur‘»>
1128 2980 1217 3044 Et
1260 2983 1296 3044 ό
1342 2990 1652 3066 quantum
1679 2991 1899 3045 nostro
1932 2981 2138 3044 ordini
2170 2981 2521 3060 dissentiat,

277 3062 699 3128 considerate.
776 3064 864 3146 Si,
910 3065 1193 3150 inquam,
1240 3074 1568 3150 compater
1611 3074 1723 3146 est,
1767 3074 1840 3128 ut
1869 3087 1907 3127 a
1933 3063 2263 3128 verisimili
2340 3063 2523 3129 roba-

276 3144 411 3211 bile
454 3148 730 3227 efferam,
776 3170 924 3212 cum
968 3169 1043 3212 eo
1091 3149 1202 3234 qui
1245 3157 1429 3234 pater
1472 3158 1569 3212 cst
1609 3149 1748 3234 ipse
1779 3160 1876 3213 est
1903 3159 1967 3212 et
1995 3158 2195 3235 pater.
2320 3149 2522 3211 ivero

276 3240 467 3317 pater
520 3242 644 3314 est,
698 3230 902 3295 filium
959 3230 1061 3296 vel
1111 3231 1311 3296 filiam
1366 3230 1601 3296 habere
1644 3232 1912 3296 dubium
1953 3253 2082 3294 non
2128 3241 2241 3295 est.
2328 3230 2519 3294 Unde

278 3324 350 3379 et
391 3325 705 3380 scortator
745 3317 960 3401 potius
1050 3338 1201 3380 uam
1244 3314 1598 3379 monachus
1644 3315 1953 3380 dicendus
2000 3324 2112 3378 est.
2189 3311 2319 3378 Sed
2363 3311 2521 3397 quid

280 3396 367 3463 de
410 3398 805 3464 commatre?
890 3337 1069 3479 Quid
1120 3401 1189 3462 in
1230 3400 1353 3463 hoc
1389 3399 1663 3462 nomine
1707 3422 1746 3463 a
1799 3395 2194 3482 secularibus
2252 3417 2522 3481 perpen-

278 3481 457 3547 ditur
520 3484 645 3546 nisi
716 3482 1136 3582 turpitudini&
1195 3481 1666 3546 consentanea}>
1755 3481 1902 3545 Hoc
1972 3480 2122 3544 licet
2177 3478 2520 3544 verisimile

280 3565 525 3649 dicenS,
584 3565 982 3632 secularlbus
1038 3589 1168 3632 non
1223 3564 1578 3651 preiudicO,
1637 3564 1752 3629 sed
1791 3574 2010 3628 nostro
2056 3563 2264 3628 ordini
2305 3560 2525 3627 illicita

280 3651 701 3737 reprehendO.
790 3651 985 3732 Quod
1043 3651 1195 3737 quia
1249 3651 1538 3735 ineptum
1587 3648 1860 3730 videtur,
1903 3657 2115 3713 vestra
2156 3647 2522 3712 intermina-

280 3735 455 3800 tione
512 3733 934 3801 inhibendum
986 3739 1121 3800 est’.
1206 3734 1327 3798 His
1369 3734 1769 3800 venerandus
1811 3730 2333 3818 metropolitanus
2377 3730 2523 3795 sub·

278 3819 587 3918 iungens:
642 3817 775 3901 ‘Sin
830 3821 1056 3906 inquit,
1111 3818 1341 3905 ‘placet
1398 3818 1644 3900 sinod0,
1703 3817 2152 3883 interdicetur'.
2243 3815 2520 3880 Sinodus

284 3901 487 3968 dixit:
516 3902 997 3969 ‘Interdicatur'.
1054 3902 1535 3990 Meti-cpolitani
1560 3904 1778 3988 itaque
1807 3900 2201 3982 auctoritate,
2235 3898 2522 3964 omnium

279 4007 605 4054 consensu
644 3987 985 4053 inhibitum
1030 3998 1143 4054 est.

405 4150 452 4204 a)
480 4157 583 4203 poet
600 4153 699 4193 aad.
822 4151 872 4205 b)
905 4164 1099 4203 quornm
1131 4154 1278 4193 altero
1313 4154 1349 4192 1.
1474 4150 1517 4204 e)
1559 4155 1693 4202 pons,
1725 4152 1829 4202 atis,
1857 4159 1956 4200 vos,
1989 4149 2083 4189 atio
2114 4148 2228 4194 abso.
2348 4146 2396 4200 d)
2423 4151 2524 4198 poet

282 4211 485 4253 adduam
512 4213 695 4253 videtur.
891 4211 936 4263 e)
981 4213 1029 4252 in
1047 4214 1138 4254 loco
1168 4224 1273 4253 raso
1294 4213 1336 4255 2.
1517 4209 1557 4262 f)
1601 4211 1638 4262 1,
1671 4210 1763 4258 ind,
1796 4209 1961 4260 prima,
1995 4218 2046 4248 os
2078 4208 2222 4258 absc.;
2281 4208 2330 4248 in
2359 4208 2409 4247 vi
2439 4207 2522 4246 del.

283 4267 337 4321 8)
368 4272 669 4322 turpitudinis
701 4273 742 4312 1.
