3059 4834
313 1981 335 2002 ⁸
348 1984 429 2026 fol.
452 1985 540 2027 35‘.

332 2569 410 2624 ‘p.
444 2574 548 2616 618.

557 289 663 338 102
1099 283 1403 336 RIOHERI
1439 281 1948 334 HISTORIARUM
1983 282 2206 333 LIBER
2243 282 2350 334 ΙΙΙ.

557 455 1027 538 Horatiumque
1110 452 1433 532 satiricos,
1514 449 1848 512 Lucanum
1920 449 2112 514 etiam
2183 448 2807 534 historiographum.

562 539 811 620 Quibus
876 534 1264 600 assuefactos
1334 533 1856 620 locutionumque
1943 532 2152 597 modis
2238 533 2626 619 compositos
2707 531 2812 597 ad

557 622 982 688 rhethoricam
1024 617 1405 684 transduxit.

987 741 1090 806 48.
1155 738 1290 804 Cur
1330 739 1462 802 eisa
1506 737 1902 822 sophistama
1945 735 2311 802 adhibuerit
2324 747 2370 800 ³.

728 843 874 924 Qua
901 842 1222 908 instructis
1251 839 1606 926 sophistam
1643 838 1966 922 adhibuit3
2011 838 2185 925 apud
2230 860 2420 925 quem
2449 840 2518 902 in
2546 847 2807 903 contro-

558 927 783 992 versiis
828 935 1295 1007 exercerentur,
1341 945 1418 986 ac
1460 925 1554 987 sic
1597 945 1683 986 ex
1725 933 1860 988 arte
1903 933 2185 1008 agerent,
2229 933 2302 988 ut
2342 930 2556 1008 preter
2588 931 2804 986 artem

558 1033 751 1096 agere
792 1008 1178 1095 viderentur,
1224 1006 1400 1095 quod
1445 1009 1713 1072 oratoris
1759 1007 2118 1072 maximum
2145 1007 2416 1072 videtur.
2477 1004 2607 1070 Sed
2636 1004 2806 1070 haec

560 1094 641 1158 de
683 1092 911 1180 logica.
1013 1093 1091 1156 In
1150 1092 1420 1157 mathesi
1474 1113 1627 1156 vero
1683 1101 1956 1176 quantus
2015 1089 2210 1155 sudor
2267 1091 2633 1176 expensusb
2693 1091 2804 1172 sit,

559 1201 689 1242 non
731 1179 1153 1263 incongruum
1206 1176 1417 1240 dicere
1473 1175 1749 1242 videtur.
1844 1173 2333 1240 Arithmeticam
2386 1175 2575 1255 enim,
2629 1195 2804 1260 quae

562 1273 658 1328 est
700 1262 1054 1326 matheseos
1095 1262 1323 1346 prima,
1367 1260 1660 1344 inprimis
1704 1258 2027 1344 dispositis
2071 1256 2595 1323 accommodavit.

728 1381 832 1446 49.
900 1382 1029 1462 Qui
1072 1379 1294 1444 laborc
1339 1381 1398 1444 ei
1442 1381 1510 1442 in
1555 1379 2065 1444 mathematicis⁰
2107 1380 2440 1464 impensus
2483 1379 2565 1442 sit
2581 1389 2624 1441 ⁰.

728 1484 890 1547 Inde
920 1485 1113 1547 etiam
1146 1482 1479 1562 musicam,
1524 1479 1722 1544 multo
1752 1490 1900 1545 ante
1933 1479 2162 1545 Galliis
2191 1481 2498 1566 ignotam,
2543 1479 2804 1545 notissi-

562 1589 734 1632 mam
778 1566 1005 1631 effecit.
1094 1565 1294 1630 Cuius
1337 1586 1576 1649 genera
1617 1565 1686 1627 in
1727 1564 2116 1629 monocordo
2161 1564 2528 1664 disponens,
2574 1585 2836 1630 eorum-

563 1651 1010 1714 consonantias
1055 1650 1189 1713 sive
1232 1649 1354 1711 sim
1402 1648 1628 1711 honias
1671 1650 1742 1712 in
1781 1650 1948 1712 tonis
2002 1669 2078 1713 ac
2133 1649 2502 1730 semitoniis,
2559 1647 2802 1713 ditonis

564 1755 818 1820 quoque
873 1754 949 1796 ac
1000 1731 1284 1796 diesibus
1388 1732 1763 1816 istinguenS,
1820 1739 2132 1830 tonosque
2182 1734 2252 1795 in
2308 1733 2479 1800 sonis
2521 1733 2803 1822 rationa-

561 1815 774 1881 biliter
818 1815 1223 1893 distribuens,
1269 1817 1337 1879 in
1378 1814 1812 1900 plenissimam
1856 1817 2150 1881 notitiam
2192 1815 2461 1901 redegit.

1021 1938 1123 2002 50.
1194 1935 1522 2021 *Sperae‘¹
1565 1934 1849 2001 solidaed
1893 1937 2269 2022 compositio
2286 1938 2334 2003 d.

727 2040 918 2105 Ratio
1003 2060 1154 2104 vero
1238 2041 1663 2103 astronomiae
1750 2047 1985 2124 quanto
2056 2037 2288 2104 sudore
2361 2036 2624 2104 collecta
2695 2038 2801 2122 sit,

563 2123 815 2189 diceree
859 2123 1081 2189 inutile
1123 2145 1253 2186 non
1298 2133 1412 2204 est,
1456 2135 1528 2188 ut
1572 2133 1635 2187 et
1675 2123 1835 2187 tanti
1890 2124 2014 2187 viri
2069 2123 2384 2207 sagacitas
2429 2121 2803 2187 advertatur

563 2218 629 2273 et
670 2209 825 2272 artis
870 2207 1193 2271 efficacia‘
1235 2205 1436 2270 lector
1479 2206 1996 2271 commodissime
2041 2228 2120 2270 ca
2165 2208 2348 2271 iatur.
2437 2206 2618 2287 Quae
2649 2227 2799 2269 cum

614 2313 731 2356 ene
774 2289 1223 2357 intellectibilis
1269 2291 1367 2372 sit,
1422 2299 1679 2354 tamen&
1720 2313 1850 2354 non
1895 2291 2029 2355 sine
2072 2311 2112 2352 a
2156 2291 2492 2355 miratione
2537 2290 2800 2376 quibus-

564 2315 713 2439 dam
755 2375 1189 2440 instrumentis
1244 2372 1327 2438 ad
1381 2395 1454 2437 co
1502 2375 1809 2439 nitionem
1863 2374 2190 2438 adduxit1.
2277 2374 2580 2459 Inprimis
2625 2375 2794 2438 enim

564 2459 786 2524 mundi
852 2480 1106 2544 speram
1172 2481 1255 2522 ex
1320 2457 1437 2522 soli
1486 2481 1521 2522 o
1587 2479 1662 2522 ac
1725 2457 1996 2523 rotundo
2049 2457 2227 2542 ligno
2293 2466 2796 2544 argumentatuS‚

566 2544 867 2608 *minoris
911 2541 1321 2608 similitudine
1363 2543 1671 2605 maiorem
1702 2543 2034 2627 expressit.
2081 2543 2294 2623 Quam
2323 2555 2512 2605 cum‘3
2543 2539 2797 2606 duobus

564 2627 731 2713 polis
796 2628 903 2689 in¹¹
968 2628 1247 2690 orizonte
1314 2623 1702 2710 obliquaret,
1777 2627 1962 2709 signa
2034 2625 2578 2711 septemtrionalia
2643 2624 2797 2710 polo

564 2711 858 2774 erectiori
922 2709 1127 2791 dedit,
1200 2707 1499 2773 australia
1561 2730 1712 2773 vero
1779 2708 2106 2773 deiectiori
2176 2707 2484 2774 adhibuit.
2595 2709 2800 2774 Cuius

612 2795 948 2858 ositionem
991 2815 1068 2856 eo
1114 2790 1349 2855 circulo
1402 2793 1589 2873 rexit,
1636 2793 1747 2877 qui
1790 2816 1829 2856 a
1854 2792 2110 2858 Grrecisi
2155 2794 2374 2857 orizon
2393 2805 2437 2876 ²,
2482 2815 2523 2856 a
2549 2793 2799 2858 Latinis

587 2879 843 2942 imitans
902 2877 1037 2940 sive
1096 2875 1524 2940 determinans
1576 2874 1952 2961 appellatur,
2011 2899 2086 2941 eo
2143 2877 2316 2962 quod
2371 2879 2441 2941 in
2491 2899 2566 2941 eo
2615 2878 2801 2962 signa

609 2983 729 3025 uae
758 2959 1058 3023 videntur
1100 2960 1183 3023 ab
1214 2958 1313 3022 his
1346 2981 1508 3044 quae
1553 2981 1683 3022 non
1724 2960 2023 3024 videntur
2063 2960 2414 3046 distinguat
2444 2983 2522 3025 ac
2547 2960 2797 3026 limitet.

564 2984 711 3124 Qua
751 3046 819 3106 in
864 3045 1144 3107 orizonte
1176 3044 1308 3106 sice
1353 3040 1682 3124 collocata,
1727 3054 1798 3106 ut
1829 3053 1893 3107 et
1923 3054 2133 3108 ortum
2162 3055 2226 3109 et
2255 3066 2555 3109 occasum
2588 3047 2800 3130 signo-

562 3150 708 3192 rum
750 3126 990 3191 utiliter
1032 3147 1107 3189 ac
1150 3124 1567 3225 probabiliter
1609 3126 2094 3209 demonstraret,
2138 3150 2352 3192 rerum
2380 3137 2639 3193 naturas
2670 3129 2801 3192 dis-

612 3213 789 3276 ositis
854 3212 1199 3275 insinuavit
1252 3211 1652 3295 instituitque
1706 3211 1772 3273 in
1823 3212 2153 3294 signorum
2210 3213 2799 3298 comprehensione.

562 3235 730 3362 gam
794 3304 1081 3380 tempore
1144 3305 1455 3366 nocturno
1528 3292 1901 3358 ardentibus
1969 3295 2164 3360 stellis
2239 3317 2501 3382 operam
2572 3297 2802 3380 dabat3

562 3381 941 3465 agebatque,
997 3388 1068 3443 ut
1124 3401 1232 3444 eas
1287 3380 1356 3442 in
1412 3379 1635 3442 mundi
1692 3378 2062 3463 regionibus
2118 3378 2386 3444 diversls
2441 3378 2802 3466 obliquatas

562 3474 696 3529 tam
738 3465 807 3527 in
852 3472 994 3528 ortu
1038 3485 1232 3550 quam
1275 3464 1341 3526 in
1388 3484 1622 3526 occasu
1661 3472 1974 3528 notarent.

829 3585 930 3648 51.
995 3581 1515 3648 Intellectiliumk
1561 3580 1942 3647 circulorum
1989 3584 2475 3669 comprehensio
2493 3585 2546 3649 ¹¹.

733 3683 973 3750 Circuli
1015 3705 1270 3771 quoque
1316 3685 1426 3771 qui
1469 3707 1509 3748 a
1541 3685 1800 3750 Grecisi
1846 3683 2187 3771 parallelis,
2219 3708 2259 3749 a
2286 3685 2532 3751 Latinis
2582 3686 2806 3772 aequi-

562 3777 802 3833 stantes
847 3767 1165 3848 dicuntur,
1213 3791 1370 3854 quos
1414 3770 1608 3832 etiam
1663 3767 2093 3854 incorporales
2149 3781 2287 3834 esse
2342 3770 2610 3836 dubium
2669 3793 2807 3834 non

563 3862 676 3934 est,
731 3854 851 3916 hac
904 3850 986 3916 ab
1044 3874 1119 3916 eo
1177 3865 1311 3917 arte
1356 3853 1802 3937 comprehensi
1857 3863 2222 3918 noscuntur.
2324 3853 2562 3918 Effecit
2615 3857 2804 3918 semi-

563 3935 871 4001 circulum
940 3946 1115 4001 recta
1185 3935 1496 4000 diametro
1569 3937 1869 4000 divisum.
1973 3935 2105 4001 Sed
2174 3937 2340 4002 hanc
2415 3937 2804 4002 diametrum

682 4063 726 4114 nr)
769 4064 827 4114 is,
857 4072 947 4115 am,
980 4064 1070 4103 erit
1098 4063 1211 4104 abso.
1363 4061 1411 4114 b)
1446 4064 1580 4103 datus
1616 4065 1654 4103 1.
1805 4061 1848 4115 c)
1893 4064 1993 4114 bor,
2034 4064 2190 4116 emati,
2231 4064 2269 4104 it
2310 4063 2424 4106 abac.
2567 4063 2616 4117 d)
2661 4076 2700 4116 s,
2733 4076 2803 4116 so,

564 4130 695 4170 comp
729 4121 841 4162 absc.
976 4119 1020 4172 e)
1047 4127 1148 4171 post
1179 4122 1281 4164 add.
1402 4120 1439 4172 f)
1473 4121 1678 4162 efficatia
1708 4133 1822 4162 rrrrr
1857 4123 2081 4164 efficacia.
2204 4121 2252 4174 g)
2287 4135 2333 4164 n.
2365 4126 2398 4163 t.
2435 4124 2474 4165 1.
2593 4122 2644 4176 h)
2677 4125 2730 4162 in
2759 4135 2802 4166 0.

560 4197 611 4235 in
654 4207 791 4245 maro.
894 4196 931 4249 i)
963 4199 1055 4246 gris
1070 4199 1108 4245 1,
1141 4203 1179 4237 et
1209 4175 1509 4248 iea'deinceps,
1542 4199 1659 4247 quoa
1691 4197 1826 4238 Grais
1857 4200 1938 4249 1092·
1960 4204 2122 4249 poe-vet.
2214 4198 2263 4251 k)
2297 4201 2371 4252 In,
2388 4201 2439 4251 11,
2471 4210 2658 4250 compre
2680 4203 2799 4246 abac.

714 4288 771 4356 1)
813 4289 896 4342 cf.
935 4291 1182 4342 Gerberti
1228 4293 1507 4358 epistolam
1562 4293 1909 4345 Constantino
1960 4294 2141 4346 datam
2192 4311 2279 4362 ap.
2329 4297 2526 4348 Olleris
2575 4315 2632 4364 p.
2670 4299 2801 4352 4¹79.

562 4358 623 4427 2)
648 4355 869 4434 εορίζων.
1056 4362 1117 4431 3)
1153 4359 1503 4434 παράλληλοι.
