3059 4834
498 433 598 476 989.

616 247 685 297 48
1126 245 1431 298 RICHERI
1469 244 1972 298 HISTORIARUM
2009 243 2232 294 LIBER
2269 243 2344 294 11.

804 416 900 479 17.
964 415 1147 478 Rex⁸
1188 413 1256 476 in
1298 411 1599 498 Belgica⁸
1643 434 1792 478 suos
1837 412 1961 477 sibi
2004 413 2248 476 sociata
2291 418 2354 475 et
2399 408 2652 474 Ottonis

1155 496 1431 562 fautores
1447 508 1474 539 ἃ
1515 495 1681 560 ultra
1725 496 2012 562 Rhenum
2029 507 2056 538 ¹¹
2097 495 2300 582 fugat.

783 617 927 683 Rex
941 620 1023 664 Μ
1070 619 1137 682 in
1180 640 1347 704 pago
1376 617 1644 683 Elisatio
1686 640 1832 683 cum
1872 618 1982 681 Hu
2032 641 2150 682 one
2181 616 2507 703 Cisalpino
2546 617 2848 703 principe

618 699 863 766 locutus
884 713 927 784 ²,
985 701 1280 786 Belgicos
1340 703 1707 784 exterioreS,
1807 703 1874 766 ui
1930 725 1969 767 a
2069 724 2137 766 se
2186 700 2472 767 nondum
2513 709 2849 784 venerant,

620 786 743 851 sibi
807 784 1174 854 asciscebat.
1289 785 1378 850 Et
1493 790 1562 851 ui
1680 797 1800 850 art1
1846 808 1921 850 us
1989 784 2241 853 Ottonis
2311 784 2612 850 favebant
2674 783 2852 849 ultra

617 869 911 934 Rhenum
952 869 1172 956 fugere
1216 808 1543 955 eompufit.
1628 809 2039 936 Bresenserat
2082 872 2270 952 enim,
2330 868 2631 934 Ottonem
2674 867 2848 936 velle

616 955 685 1017 in
729 976 914 1017 suum
956 955 1056 1017 ius
1100 953 1427 1039 Belgicam
1468 953 1924 1020 transfundere.
2031 954 2222 1020 Unde
2280 964 2342 1019 et
2383 974 2546 1039 equo
2607 954 2668 1018 ei
2708 976 2849 1018 non

617 1036 939 1103 ferebatur
991 1038 1225 1102 animo.
1323 1037 1772 1104 Truculentius
1829 1060 1978 1125 ergo
2046 1048 2265 1104 contra
2327 1037 2504 1100 illum
2568 1038 2845 1122 agitanS,

618 1124 810 1188 suos*
854 1122 934 1186 de
976 1144 1173 1207 regno
1218 1122 1605 1187 exturbavit.
1694 1124 1822 1204 Qui
1865 1145 2018 1188 vero
2064 1124 2186 1188 sibi
2232 1120 2712 1188 consentiebant
2727 1124 2847 1164 ⁰·**

619 1207 958 1288 asciscens,
1006 1205 1432 1271 Gislebertum
1477 1205 1777 1272 videlicet
1811 1206 2216 1292 Belgicorum
2262 1206 2508 1286 ducem,
2553 1204 2846 1272 Theode-

618 1291 824 1354 ricum
870 1312 1121 1377 quoque
1166 1301 1230 1355 at
1276 1311 1355 1354 ue
1397 1290 1582 1354 Isaac
1626 1293 1888 1358 comites
1909 1303 1952 1372 ³,
1999 1313 2148 1355 cum
2191 1291 2282 1355 eis
2313 1289 2647 1355 consilium
2693 1311 2845 1355 con-

618 1373 759 1456 fert,
804 1397 879 1439 ac
923 1397 1040 1461 pro
1083 1374 1209 1439 fide
1308 1374 1560 1439 abenda
1616 1376 2056 1440 iusiurandum
2113 1376 2196 1441 ab
2253 1376 2343 1441 eis
2396 1374 2649 1472 accipit,
2693 1385 2848 1459 post

620 1458 777 1523 haec
822 1457 1201 1522 Laudunum
1242 1457 1511 1522 rediens.
1613 1459 1842 1559 Ibique
1901 1461 2186 1524 eiusdem
2244 1459 2420 1524 urbis
2466 1479 2847 1544 episcopum

619 1541 983 1623 Rodulfum,
1048 1540 1425 1626 proditionis
1491 1543 1963 1609 evidentlssime
2026 1542 2477 1624 insimulatum,
2541 1540 2622 1606 ab
2680 1541 2852 1607 urbe

620 1624 799 1709 pellit
839 1647 1113 1710 suosque
1157 1624 1343 1689 simul
1385 1627 1554 1692 eicit.
1663 1626 1952 1709 Quorum
1997 1629 2186 1693 etiam
2229 1649 2329 1692 res
2385 1628 2514 1691 suis
2559 1625 2848 1692 contulit.

1212 1833 1307 1898 18.
1357 1830 1507 1898 Otto
1552 1831 1925 1919 Belgicam(¹
1969 1833 2277 1899 devastat.

791 1952 943 2019 Otto
988 1955 1229 2019 interea
1257 1953 1555 2038 Belgicos
1600 1955 2000 2040 comperiens
2042 1955 2210 2040 regis
2248 1964 2462 2042 partes
2493 1961 2855 2018 sustentare

624 2046 687 2102 et
728 2058 767 2100 a
809 2060 878 2102 se
920 2040 1172 2150 penitus
1228 2037 1571 2119 defecisse,
1631 2037 1853 2103 Rheno
1914 2039 2281 2104 transmisso
2327 2037 2442 2102 Bel
2492 2038 2694 2101 'came
2757 2037 2856 2099 in-

623 2143 878 2268 gressus
896 2125 923 2152 ”¹
955 2124 1003 2205 *,
1046 2124 1182 2188 eius
1226 2121 1370 2185 loca
1425 2121 1700 2208 plurima
1755 2123 2066 2188 incendiis
2109 2145 2186 2186 ac
2224 2059 2586 2208 ingentffius
2630 2117 2855 2248 predis

670 2216 915 2272 evastat
930 2209 974 2288 †,
1047 2229 1123 2271 eo
1197 2207 1369 2292 quod
1438 2230 1521 2270 ex
1595 2205 1925 2272 collatione
1983 2216 2250 2294 paterna
2313 2207 2533 2292 prince
2583 2228 2611 2269 s
2709 2203 2858 2269 fieri

622 2287 901 2374 Belgicis
940 2289 1431 2376 dedignantibus
1477 2290 1900 2374 contenderet,
1949 2313 2094 2355 cum
2139 2291 2273 2355 eius
2316 2300 2498 2376 pater
2577 2289 2857 2353 axoniae

625 2372 825 2438 solum
870 2385 1176 2461 propter&
1220 2375 1594 2441 Sclavorum
1638 2375 2112 2462 improbitatem
2165 2397 2282 2439 rex
2325 2385 2572 2439 creatus
2617 2372 2714 2454 sit,
2778 2393 2856 2437 eo

626 2458 799 2543 quod
839 2458 1135 2542 Karolus‚
1184 2460 1309 2524 cui·
1329 2482 1542 2524 rerum
1584 2481 1835 2534 summa
1878 2459 2245 2540 debebatur,
2305 2457 2513 2523 adhuc
2554 2459 2623 2521 in
2667 2457 2857 2520 cunis

622 2542 923 2627 vagiebat
939 2546 1011 2587 Η·
1030 2553 1074 2608 ⁴.
1175 2542 1443 2633 Multam
1512 2543 1729 2628 itaque
1799 2542 2064 2629 predam
2133 2543 2486 2624 abducenS,
2555 2540 2861 2606 Rhenum

622 2634 982 2691 transmeat.

772 2787 819 2855 *)
859 2791 1181 2857 quicumque
1220 2789 1363 2842 illius
1402 2788 1722 2842 videbantur
1758 2807 1792 2841 a
1829 2791 2058 2856 Belgica
2098 2796 2196 2843 ext.
2277 2789 2414 2844 Ekk.

747 2878 820 2948 ¹⁸⁸¹)
862 2881 1083 2933 consilio
1124 2882 1411 2934 Giselberti
1463 2880 1614 2933 ducis
1651 2881 1909 2948 Belgicae
1949 2888 2004 2933 et
2042 2881 2359 2934 Theoderici
2413 2882 2618 2933 comitis
2669 2897 2864 2933 sacra·

864 2960 1040 3006 mento
1080 2956 1182 3006 sibi
1221 2955 1568 3020 astringebat.
1645 2956 1773 3007 Otto
1811 2971 1938 3006 vero
1977 2955 2177 3021 Belgas
2217 2956 2548 3023 comperiens
2586 2970 2620 3004 a
2657 2969 2714 3005 se
2761 2954 2861 3010 de·

864 3028 1059 3079 fecisse
1098 3035 1151 3079 et
1189 3028 1258 3079 ad
1298 3028 1643 3079 Ludewicum
1686 3029 2020 3090 confluxisse,
2059 3029 2262 3081 Rheno.
2339 3027 2478 3080 Ekk.

861 3119 924 3170 B.
966 3134 1084 3169 cum
1126 3121 1363 3171 exercitu
1398 3119 1712 3184 ingreditur.
1786 3120 1923 3174 Ekk.

775 3207 825 3274 †)
866 3211 918 3262 d.
949 3210 1230 3262 Nitebatur
1268 3213 1408 3262 enim
1447 3212 1562 3262 acsi
1600 3228 1666 3263 ex
1702 3217 1924 3279 paterna
1963 3212 2250 3266 traditione
2287 3213 2535 3279 princeps
2573 3210 2691 3262 fieri
2724 3210 2864 3264 Bel-

865 3283 1043 3349 gicae.
1119 3284 1186 3334 Id
1224 3300 1350 3336 vero
1379 3289 1562 3337 contra
1587 3286 1670 3336 ius
1696 3301 1860 3350 agere
1888 3286 2362 3353 calumpniabatur,
2403 3302 2521 3337 cum
2550 3286 2663 3336 eius
2702 3291 2868 3350 pater

867 3363 1081 3424 propter
1119 3357 1428 3409 Sclavorum
1464 3359 1857 3410 infestationem
1898 3360 2160 3412 Saxoniae
2197 3363 2422 3423 tantum,
2462 3374 2597 3425 quae
2625 3363 2868 3424 estpars

870 3430 1205 3495 Germaniae,
1246 3431 1353 3482 dux
1392 3434 1705 3484 constitutus
1744 3434 1829 3484 sit.
1904 3433 2039 3484 Ekk.

753 3517 829 3587 Η)
871 3520 922 3572 d.
963 3527 1089 3573 tunc
1128 3538 1178 3574 a.
1214 3523 1272 3573 in
1312 3539 1357 3574 c.
1396 3525 1620 3590 vagiret.
1695 3524 1830 3575 Elek.

724 3116 823 3184 ***)

750 3663 796 3716 a)
828 3667 910 3716 Re,
944 3676 1013 3718 ea,
1047 3671 1109 3718 at,
1140 3667 1233 3719 fau,
1264 3668 1361 3709 Rhe
1393 3669 1505 3710 abac.
1627 3669 1674 3722 b)
1707 3682 1908 3721 namque
1938 3671 2038 3714 add.
2075 3674 2117 3715 1.
2215 3670 2259 3722 c)
2291 3669 2508 3712 favebant
2540 3671 2580 3711 1.
2670 3665 2718 3718 d)
2755 3679 2870 3710 οδω

635 3725 748 3767 absc.
872 3723 917 3776 e)
944 3724 1167 3774 Belgicae
1197 3727 1301 3767 loca
1334 3730 1373 3767 1.
1494 3727 1529 3780 f)
1564 3739 1645 3770 rex
1679 3731 1718 3773 1.
1836 3729 1883 3782 g)
1917 3742 2001 3782 pro
2034 3732 2077 3772 l.

783 3855 839 3923 1)
879 3858 1027 3920 Quae
1055 3865 1362 3924 sequuntur,
1402 3859 1778 3925 Ekkehardus,
1805 3862 1966 3913 alium
1995 3869 2052 3914 ut
2076 3864 2287 3915 videtur
2311 3868 2514 3916 textum
2539 3868 2776 3928 secutus,
2809 3865 2870 3914 in

638 3947 789 3983 suum
828 3947 980 3982 usum
1021 3933 1305 3994 convertit3
1357 3933 1413 3983 in
1454 3933 1643 3985 codice
1683 3933 1806 3986 stilo
1847 3937 2095 3986 continuo
2135 3941 2366 4001 exarata,
2424 3953 2526 3988 nec
2564 3942 2624 3988 ut
2660 3951 2872 4002 magna

638 4004 762 4054 libri
798 4005 956 4071 primi
993 4021 1116 4074 pars
1158 4006 1471 4070 corrigendo
1512 4008 1723 4060 turbata
1760 4014 1898 4059 sunt.
2050 4008 2108 4076 2)
2146 4011 2232 4062 Ita
2271 4011 2430 4064 etiam
2468 4010 2624 4061 Flod.
2652 4025 2703 4060 a.
2731 4010 2872 4062 939.

639 4077 984 4143 Burgundiae
1024 4077 1130 4129 dux
1177 4078 1521 4144 intelligitur3
1565 4080 1633 4130 cf.
1660 4081 1954 4144 Diimmler,
1995 4083 2120 4135 Otto
2146 4084 2192 4135 1.
2231 4101 2282 4150 p.
2308 4082 2378 4132 88
2405 4100 2460 4136 n.
2604 4079 2665 4148 3)
2703 4082 2872 4144 Quod

637 4149 794 4201 Flod.
833 4152 938 4201 iam
978 4157 1101 4202 ante
1139 4153 1389 4202 narravit.
1501 4154 1559 4217 4)
1599 4153 1752 4216 Quod
1791 4169 1858 4204 ne
1899 4170 2017 4205 cum
2055 4155 2138 4208 his
2178 4156 2392 4223 quidem
2432 4156 2681 4208 convenit
2720 4172 2872 4223 quae

638 4222 686 4286 1,
726 4223 777 4274 4.
824 4223 906 4274 14.
948 4223 1032 4273 24.
1074 4225 1163 4275 39.
1201 4225 1399 4276 retulit.
