3059 4834
528 291 670 344 VIII
1009 289 1316 340 RICHERI
1353 289 1851 340 HISTORIARUM
1888 289 2092 340 LIBRI
2129 289 2265 342 ΠΗ.

315 467 512 523 ⁸1³·564·
533 460 924 540 vertendum,
970 460 1145 543 quod
1174 482 1306 522 non
1337 459 1522 522 semel
1566 463 1636 522 *a
1664 458 2038 523 Flodoardo
2082 459 2403 540 recedens,
2448 461 2522 522 in
2566 459 2752 524 bello-

536 568 685 608 rum
728 544 1158 628 descriptione
1201 552 1316 606 aut
1351 555 1790 629 permaqnos1
1838 553 1953 606 aut
1994 541 2189 607 multo
2232 545 2514 628 majores
2559 567 2756 628 quam

535 627 907 693 Flodoardo
951 636 1098 691 teste
1141 629 1478 691 novimus²
1528 636 1981 712 puynatorum
2040 636 2160 690 aut
2217 631 2572 691 occisorum
2630 651 2751 690 nu-

533 734 740 778 meros
791 709 1015 859 ffert,
1075 712 1250 796 quod
1294 709 1508 776 Gallis
1567 713 1908 776 victoriam
1951 712 2379 775 immeritam⁸
2438 711 2756 793 attribuit,

534 799 726 860 immo
872 795 1235 859 odoardum
1299 795 1599 859 undecim
1664 794 1874 859 millia
1936 804 2244 858 trecentos
2299 795 2755 881 quadraginta

536 883 822 967 quinque
876 880 949 943 in
999 889 1195 964 parte
1239 879 1547 960 Rotberti,
1602 881 1675 943 in
1721 888 1921 963 parte
1966 879 2202 942 Karoli
2257 889 2490 962 septem
2540 879 2750 944 millia

536 974 786 1030 centum
827 973 884 1026 et
927 963 1381 1049 duodeviqinti
1423 987 1645 1028 caesos
1690 964 2031 1048 scripsisse
2076 965 2305 1043 dicit4,
2366 963 2479 1026 ubi
2520 960 2787 1027 Modo:

538 1050 696 1112 ardi
737 1049 985 1112 codices
1015 1057 1072 1112 et
1101 1049 1414 1111 editiones
1448 1057 1703 1112 omnes-'³
1749 1049 2020 1111 nonnisi
2062 1047 2217 1111 baec
2262 1046 2496 1110 verba:
2541 1045 2755 1110 multis

537 1153 622 1196 ex
665 1141 931 1216 utraque
969 1139 1149 1216 parte
1180 1131 1553 1196 cadentibus
1594 1131 1834 1218 leyunt.
1927 1131 2117 1204 Quod
2146 1139 2216 1194 ut
2244 1133 2505 1194 veritati
2536 1141 2758 1216 aperte

539 1219 945 1282 contrarium
976 1237 1089 1278 nec
1119 1215 1256 1278 ulla
1286 1219 1701 1281 excusatione
1748 1215 2189 1296 obvelandum,
2235 1217 2331 1278 ita
2372 1215 2503 1279 leve
2544 1225 2757 1278 tamen

535 1303 770 1365 vitium
812 1299 1152 1379 videbitur,
1199 1300 1258 1362 si
1304 1298 1508 1363 alium
1551 1299 1758 1364 locum
1798 1301 2141 1379 intuearis,
2188 1322 2313 1384 quo
2346 1323 2410 1364 se
2447 1302 2521 1363 in
2562 1299 2759 1364 licen-

538 1386 698 1448 tiam
727 1386 868 1448 viro
900 1385 1206 1464 candidO,
1252 1383 1505 1468 qualem
1544 1385 1968 1447 historiarum
1998 1387 2374 1468 scriptorem
2404 1407 2536 1448 esse
2567 1384 2759 1464 decet,

528 1469 737 1554 plane
781 1468 1150 1553 ivzdiynani,
1197 1469 1503 1553 partium
1558 1467 1771 1532 studio
1815 1477 1873 1532 et
1912 1471 2201 1532 vanitate
2246 1468 2470 1553 abripi
2501 1489 2756 1552 passus

541 1562 682 1619 est.'
738 1553 916 1616 Nam
960 1575 1104 1616 cum
1149 1574 1184 1615 o
1236 1554 1334 1616 eri
1379 1553 1466 1616 ad
1493 1551 1698 1633 finem
1727 1562 2043 1637 perducto
2089 1553 2441 1616 secundam
2491 1575 2757 1616 manum

543 1636 924 1717 admoveret,
981 1657 1122 1699 eam
1187 1637 1318 1699 ibri
1359 1638 1574 1720 primi
1680 1645 1899 1717 artem,
1960 1659 2126 1722 quae
2170 1639 2247 1702 de
2290 1636 2479 1700 rebus
2524 1635 2760 1700 Karoli

542 1743 686 1784 cum
729 1720 849 1783 Bel
898 1723 954 1782 is
1008 1728 1066 1784 et
1123 1720 1283 1783 duce
1335 1742 1553 1784 eorum
1674 1718 1949 1784 ‘selberto
2016 1723 2177 1805 ayit,
2242 1723 2339 1784 ita
2402 1729 2757 1784 retractare

542 1826 677 1867 non
721 1825 837 1866 eru
878 1806 995 1883 uit,
1037 1813 1109 1866 ut
1153 1802 1458 1889 Belqicae
1498 1804 1632 1868 loco
1678 1802 2101 1868 Germaniam
2144 1814 2201 1868 et
2231 1826 2364 1889 pro
2412 1801 2762 1868 Giselberto

545 1889 933 1951 Heinricum
998 1887 1315 1967 scriberet,
1381 1910 1504 1973 quo
1570 1888 1811 1951 scilicet
1878 1886 2299 1953 Germaniam
2370 1886 2616 1952 Karolo
2688 1909 2760 1952 eo

541 1981 821 2057 tempore
886 1971 1233 2058 subjectam
1277 1971 1502 2054 fuisse
1566 1973 1901 2037 simularet
1914 1995 1937 2054 ,·
2012 1972 2186 2056 quod
2240 1973 2321 2036 ab
2366 1971 2759 2034 Eklcehardo

555 2057 970 2142 Uraiiyiensi,
1015 2057 1132 2139 qui
1174 2065 1464 2120 nostrum
1508 2056 1844 2138 evolverat,
1903 2066 2245 2141 receptum,
2303 2079 2445 2119 cum
2488 2053 2758 2139 reliquis

542 2141 834 2205 omnibus
877 2141 1258 2204 testimoniis
1308 2150 1727 2227 repitynaret,
1792 2142 1882 2205 ad
1940 2151 2165 2205 nostra
2214 2162 2414 2226 usque
2467 2147 2758 2222 tempora

542 2224 924 2309 scrupulum
969 2224 1190 2287 saltem
1234 2224 1565 2288 historicis
1608 2227 1673 2288 in
1699 2227 1851 2306 ecit,
1910 2249 2023 2290 nec
2071 2227 2204 2289 nisi
2249 2225 2615 2288 authentico
2641 2245 2758 2285 >re-

533 2317 722 2392 perto
787 2305 1114 2392 eoeplicari
1167 2311 1404 2392 potuit.
1515 2309 1663 2373 Tali
1703 2332 1782 2372 us
1844 2310 2199 2374 Richerum
2251 2311 2522 2393 patriae
2583 2306 2763 2370 ultra

588 2415 742 2455 uam
777 2390 964 2474 ferri
1006 2400 1216 2475 potest
1257 2393 1617 2457 studiosum
1658 2402 1715 2456 et
1756 2417 1968 2458 vanae
2010 2393 2283 2479 gloriae,
2341 2415 2506 2478 quae
2548 2391 2645 2454 vel
2687 2393 2762 2454 in

542 2416 952 2560 {Iapoleonis
1017 2477 1310 2540 nuntiis⁶
1375 2479 1899 2562 indiynationem
1976 2500 2068 2561 po
2120 2478 2375 2540 ulorum
2458 2477 2764 2555 incurrit,

545 2561 833 2624 deditum
887 2561 1154 2644 cooperti,
1221 2562 1280 2624 si
1330 2570 1527 2625 totum
1588 2584 1751 2645 opus
1808 2571 1992 2625 caute
2071 2561 2407 2646 eyendum,
2472 2581 2585 2621 nec
2631 2557 2759 2620 ullo

544 2647 685 2730 ejus
727 2644 862 2707 loco
907 2647 1043 2708 nisi
1066 2644 1533 2729 fundamentis
1560 2648 1701 2730 ejus
1730 2645 1881 2708 bene
1901 2647 2263 2728 perspectis
2294 2642 2601 2706 utendum
2631 2662 2763 2704 esse

545 2750 887 2809 censemus,
945 2729 1115 2792 nihil
1173 2728 1350 2792 ultra
1392 2732 1647 2814 justum
1690 2739 1747 2792 et
1787 2750 2007 2791 verum
2051 2737 2327 2790 statuere
2379 2725 2761 2789 videbimur.

543 2813 631 2876 Et
674 2811 770 2876 vel
801 2813 1048 2896 primis
1105 2812 1290 2877 libris
1332 2823 1599 2898 praeter
1642 2835 1721 2876 ea
1764 2835 1930 2898 quae
1972 2810 2335 2875 Flodoardi
2379 2811 2761 2872 auctoritate

544 2899 848 2961 nituntur
865 2897 1076 2980 plura
1105 2907 1322 2960 nostro
1344 2898 1635 2982 propria
1664 2899 1892 2977 inesse,
1980 2896 2173 2960 uibus
2186 2894 2391 2976 fldem
2413 2902 2761 2979 praestare

525 2979 654 3064 fas
699 2982 800 3060 sit,
846 2981 1013 3044 ultro
1037 2980 1290 3063 fateor.
1377 2982 1702 3045 Pertinere
1746 3003 1817 3044 eo
1861 2919 2166 3044 videntur
2195 2980 2471 3043 historia
2512 2976 2761 3054 Odonis

544 3067 742 3150 regis,
761 3065 1125 3148 praecipue
1155 3067 1458 3129 narratio
1488 3066 1567 3129 de
1594 3067 1871 3128 victoria
1904 3064 2092 3148 apud
2113 3064 2394 3127 Montem
2410 3062 2697 3126 Panchei
2717 3073 2763 3140 ⁶¹,

543 3147 690 3213 licet
742 3149 928 3212 nulla
985 3150 1128 3234 ejus
1169 3151 1243 3212 in
1291 3149 1644 3213 annalibus
1696 3148 2079 3228 Vedastinis,
2123 3146 2381 3210 Abbone
2422 3145 2520 3209 vel
2561 3145 2758 3244 Regi-

545 3255 713 3296 none
757 3235 988 3296 mentio
1035 3241 1358 3312 occurrat,
1399 3237 1473 3298 in
1503 3233 1782 3296 historia
1812 3231 2051 3297 Karoli
2092 3240 2149 3296 et
2176 3229 2446 3312 Rodulfi
2490 3232 2760 3293 notitiae

545 3317 624 3380 de
667 3316 857 3381 rebus
900 3315 1237 3402 Belyiciss
1281 3338 1360 3379 eoe
1404 3317 1672 3401 antiquo
1710 3316 1906 3401 fonte
1967 3317 2321 3396 derivatae,
2384 3315 2496 3378 sed
2552 3335 2762 3399 supra

547 3401 1050 3466 adulterationis
1108 3409 1387 3481 notatae,
1447 3402 1864 3465 narrationes
1916 3402 1994 3465 de
2038 3401 2429 3487 Hayanone,
2483 3398 2560 3462 de
2604 3419 2759 3480 cap-

543 3488 717 3550 tione
761 3485 1068 3566 Karoli⁹,
1113 3485 1192 3549 de
1232 3483 1421 3548 rebus
1461 3484 2089 3550 Nortmannorum1⁰
2100 3533 2120 3565 ‚
2165 3494 2223 3549 et
2254 3505 2486 3568 pauca
2531 3481 2763 3560 alian,

698 3618 752 3687 1)
793 3637 838 3671 e.
867 3637 917 3686 g.
947 3622 992 3681 Ι,
1022 3620 1107 3672 62.
1146 3619 1319 3682 8000;
1357 3621 1401 3680 Ι,
1431 3621 1517 3672 44.
1559 3622 1727 3686 primo
1767 3622 1909 3672 5000
1941 3623 2176 3688 scripsit,
2214 3628 2326 3671 tum
2367 3619 2527 3682 6000,
2568 3615 2764 3666 deinde

551 3695 745 3746 10000.
896 3691 954 3760 2)
992 3696 1032 3756 Ι,
1069 3693 1158 3744 49.
1206 3693 1324 3758 plus
1364 3710 1519 3758 quam
1560 3693 1666 3743 800
1705 3695 2057 3754 Flodoardus,
2096 3695 2202 3744 960
2241 3694 2530 3755 Richer1183
2589 3692 2633 3753 I,
2674 3690 2760 3740 51.

545 3766 880 3820 Flodoardus
939 3767 1110 3829 1100,
1170 3767 1428 3817 Richerus
1485 3765 1657 3828 80003
1731 3769 1817 3833 ΙΙ,
1876 3768 1961 3822 85.
2020 3770 2188 3820 occisi
2260 3767 2380 3834 pIus
2439 3781 2596 3831 quam
2656 3763 2763 3812 560

545 3843 822 3901 Βίοῐιεωε,
878 3840 1232 3906 quadraginta
1287 3840 1441 3894 Flod.
1477 3841 1729 3892 Annales.
1911 3841 1970 3906 3)
2009 3843 2056 3902 I,
2096 3843 2184 3891 49.
2236 3841 2464 3891 victoria
2502 3837 2568 3887 de
2607 3837 2762 3886 Nort-

545 3916 753 3966 mannis
789 3919 1072 3980 reportata,
1113 3919 1402 3964 castrorum
1439 3916 1697 3975 incensiO,
1736 3917 1879 3966 3000
1916 3916 2231 3966 Nortmanni
2269 3913 2436 3964 occisi
2458 3908 2765 3962 Flodoardo

543 3992 858 4055 repugnant.
994 3983 1051 4051 4)
1090 3987 1137 4048 Ι,
1176 3987 1262 4038 46.
1394 3985 1452 4054 5)
1492 4005 1541 4040 a..
1582 3988 1707 4040 923.
1746 3989 1981 4040 Alteram
2020 3988 2313 4040 Flodoardi
2351 3987 2639 4037 editionem
2675 3981 2763 4032 vel

545 4061 692 4111 aliud
729 4060 952 4111 fortasse
991 4061 1104 4110 eius
1143 4077 1273 4127 opus
1311 4061 1462 4112 nobis
1497 4062 1826 4127 incognitum
1864 4062 1952 4112 hic
1997 4063 2214 4112 minime
2261 4063 2317 4110 in
2357 4059 2620 4109 calculum
2670 4071 2762 4105 ve-

546 4136 662 4185 nire
699 4149 872 4199 posse,
911 4149 1047 4199 quae
1073 4140 1362 4200 sequuntur
1389 4134 1764 4186 demonstrant.
1917 4133 1973 4200 6)
2014 4133 2270 4186 bulletins.
2385 4133 2442 4199 7)
2481 4133 2527 4192 Ι,
2566 4130 2763 4180 4-13,

547 4205 608 4272 8)
647 4209 692 4267 1,
725 4207 812 4257 20.
843 4207 927 4259 23.
957 4207 1043 4257 24.
1072 4209 1160 4260 34.
1187 4209 1307 4258 35-
1335 4209 1420 4259 41.
1527 4207 1585 4274 9)
1624 4209 1667 4271 I,
1713 4209 1942 4260 14-16.
1984 4208 2069 4261 21.
2112 4209 2199 4258 22.
2316 4204 2409 4273 10)
2447 4206 2492 4269 I,
2532 4205 2763 4254 28-33.

550 4279 643 4347 11)
684 4296 731 4332 e.
769 4296 821 4346 g.
862 4281 906 4344 Ι,
949 4281 1035 4332 63.
