3059 4834
711 284 1010 336 RICHERI
1050 284 1555 338 HISTORIARUM
1592 286 1797 338 LIBRI
1832 288 1969 338 1111.
2381 287 2463 338 XI

239 453 582 518 Trithemio
606 464 626 498 ¹
658 456 1001 536 eoescripta,
1047 462 1180 516 tum
1208 457 1282 518 in
1310 452 1756 518 bibliothecam
1786 479 1865 518 ca
1920 455 2070 519 ituli
2111 456 2458 537 translata,

236 558 414 600 anno
462 537 644 601 1611.
687 537 1102 621 maryinibus
1159 539 1280 600 heu
1328 540 1657 622 praecisis
1708 561 1866 602 mem
1906 562 2118 603 ranae
2173 539 2457 625 illiyata‚

232 631 290 685 et
332 629 548 685 nostro
594 621 848 684 demum
891 617 1146 684 saeculo
1191 621 1602 686 bibliothecae
1636 622 1945 706 publicae
1987 623 2461 708 Bamberyensi

233 704 424 770 illata
468 713 575 768 est.
668 705 872 790 Cujus
935 705 1274 770 thesauros
1331 729 1474 770 cum
1534 706 1888 771 Boehmero
1953 717 2172 772 nostro
2237 710 2459 773 comite

231 812 444 853 mense
489 789 788 874 Auyusto
836 791 1002 851 anni
1048 787 1230 852 1833.
1263 789 1760 874 perlustrarem,
1826 789 2077 855 oblatus
2130 801 2220 854 est
2272 793 2458 856 nobis

234 875 404 936 inter
445 873 696 936 codices
741 875 1079 937 historicos
1120 873 1281 937 liber
1324 897 1570 959 mayna
1616 877 1725 938 sui
1765 885 1961 959 parte
2004 874 2166 938 lectu
2212 874 2456 960 diffici-

229 957 362 1020 lior
432 959 619 1041 cujus
681 958 754 1020 in
801 956 1032 1041 fronte
1096 980 1300 1021 manu
1363 961 1603 1022 recenti
1664 962 1836 1023 inter
1893 959 2032 1023 alia
2086 959 2155 1040 le,
2190 959 2456 1022 ebatur:

233 1005 513 1104 Ricfierii
554 1039 851 1103 Monachi
897 1039 1195 1105 Senensis
1241 1039 1372 1104 ord.
1420 1041 1484 1106 S.
1516 1041 1850 1106 Benedicti
1888 1041 2037 1104 libri
2080 1043 2114 1106 I
2181 1091 2195 1105 .
2240 1041 2455 1106 Histo-

233 1126 364 1187 riae
431 1123 716 1208 (Achery
779 1123 978 1209 spicil.
1038 1125 1112 1187 T.
1158 1125 1243 1188 II.
1287 1124 1405 1189 III.
1455 1147 1585 1188 non
1648 1127 1989 1208 convenit).
2095 1128 2179 1189 In
2237 1132 2455 1208 primo

279 1231 358 1271 uo
404 1231 482 1272 ue
527 1207 708 1293 folio
766 1232 970 1272 manu
1027 1208 1275 1272 saeculi
1329 1209 1504 1272 XVI.
1550 1213 1866 1294 scriptum
1932 1219 2104 1273 erat.-
2168 1209 2456 1273 Historia

293 1293 350 1354 ic
395 1291 474 1354 sri
528 1292 842 1356 monachi.
929 1293 1148 1357 Primo
1193 1295 1440 1356 intuitu
1482 1303 1789 1357 vetustate
1836 1297 2050 1380 operis
2082 1304 2454 1379 perspecta,

231 1398 382 1440 σηοω
412 1378 660 1461 primis
703 1379 898 1441 etiam
942 1376 1132 1440 lineis
1164 1377 1347 1440 haud
1375 1379 1516 1440 sine
1560 1379 1845 1442 maximo
1890 1379 2141 1464 qaudio
2184 1380 2455 1462 scripto-

231 1482 363 1524 rem
423 1459 670 1525 saeculi
733 1462 968 1525 decimi
1029 1462 1357 1546 hucusque
1421 1464 1759 1544 ineditum,
1826 1471 1882 1526 et
1945 1465 2137 1548 cujus
2200 1472 2454 1526 tantum

231 1567 460 1608 nomen
507 1568 549 1606 a
596 1546 941 1610 Trithemio
977 1546 1317 1630 proditum
1355 1544 1623 1628 fuisset,
1684 1548 1945 1630 aqnovi,
2008 1569 2192 1632 quem
2235 1556 2307 1609 ut
2350 1547 2453 1610 de-

227 1629 566 1692 scriberem
614 1653 657 1692 a
717 1629 778 1693 V.
829 1628 921 1694 C'l.
965 1630 1182 1710 Iaeck,
1238 1632 1354 1715 qui
1405 1654 1645 1716 mayno
1703 1631 2070 1696 litterarum
2128 1631 2453 1695 commodo

228 1711 642 1776 bibliothecae
689 1714 1050 1778 ditissimae
1097 1723 1363 1797 praeest
1418 1724 1475 1776 et
1527 1737 1770 1780 summo
1816 1717 1891 1779 in
1934 1739 2068 1780 rem
2112 1713 2454 1779 Germani-

226 1819 372 1860 cam
393 1796 640 1881 favore
685 1799 921 1862 studiis
965 1799 1207 1862 nostris
1249 1797 1695 1885 suffrayatur,
1721 1798 2053 1884 facillime
2080 1801 2452 1884 impetravi.

227 1880 462 1944 Prodit
503 1882 716 1966 iyitur
743 1885 894 1966 jam
936 1883 1119 1962 liber,
1163 1882 1436 1946 tenebris
1468 1883 1704 1966 quibus
1734 1906 1864 1967 per
1892 1886 2287 1968 octinyentos
2321 1907 2453 1947 am-

217 1963 404 2048 plius
470 1988 680 2030 annos
745 1966 1078 2050 teyebatur
1139 1966 1445 2046 evolutus,
1511 1976 1703 2051 atque
1766 1971 1937 2031 inter
1994 1968 2453 2032 historicorum

225 2048 428 2111 medii
472 2051 616 2112 aevi
647 2051 1054 2134 praecipuos
1095 2049 1305 2112 locum
1348 2072 1541 2112 suum
1592 2053 1733 2133 ipse
1790 2051 1916 2113 sibi
1969 2051 2453 2114 vindicaturus.

227 2129 435 2217 Atque
479 2141 552 2195 ut
593 2134 670 2196 de
716 2133 950 2212 codice,
1017 2131 1188 2194 unde
1253 2131 1438 2194 nobis
1550 2135 1817 2212 rovenit,
1883 2133 2147 2197 uberius
2212 2133 2448 2213 dicam,

222 2218 381 2300 ipsa
426 2214 661 2294 littera,
706 2218 894 2300 cujus
938 2217 1302 2298 specimina
1342 2216 1415 2278 in
1461 2155 1739 2280 editione
1780 2218 2026 2298 majo-re
2072 2217 2448 2300 adjecimus,

219 2299 556 2382 prodente,
616 2298 870 2362 saeculo
914 2299 1156 2362 decimo
1199 2307 1485 2378 eoeeunte,
1543 2301 1743 2363 annis
1786 2299 2027 2364 scilicet
2070 2299 2450 2381 996—-998,

225 2383 513 2465 scriptus
557 2383 728 2466 fuit.
833 2382 1219 2445 Membrana
1284 2405 1529 2466 mayna
1592 2405 1673 2447 ew
1732 2393 1931 2468 parte
1990 2383 2449 2468 palimpsesta,

202 2465 446 2550 forma
495 2487 622 2550 pro
679 2466 954 2530 diversis
1013 2466 1551 2550 quaternionibus
1606 2467 1887 2550 diversa,
1944 2469 2019 2532 in
2072 2469 2451 2531 universum

224 2559 440 2614 tamen
483 2573 650 2635 quae
680 2551 926 2614 dicitur
952 2553 1027 2614 in
1057 2550 1136 2614 4⁰
1183 2549 1469 2636 lonyiori
1509 2553 1642 2616 sive
1688 2560 1947 2629 octavo,·
1994 2553 2452 2638 quaterniones

225 2656 339 2697 seoe
381 2636 669 2697 numeris
723 2636 994 2720 signati,
1062 2657 1336 2720 quorum
1382 2637 1647 2719 primus
1706 2646 1956 2701 constat
1998 2635 2199 2720 foliis
2245 2636 2450 2716 1—8,

221 2718 534 2781 schedula
582 2718 753 2804 (Q),
813 2741 981 2802 quae
1026 2719 1156 2782 Ani
1195 2717 1557 2783 Philonium
1616 2717 1699 2782 ad
1743 2730 2063 2783 catarrum
2121 2723 2194 2784 in
2217 2720 2451 2805 fronte

224 2802 629 2883 inscribitur,
671 2805 940 2884 inserta,
997 2803 1318 2867 secundus
1342 2803 1545 2888 foliis
1589 2803 1981 2880 9..12-16‚
2040 2807 2305 2870 insertis
2357 2804 2449 2867 10.

223 2895 284 2946 et
329 2886 425 2967 11,
471 2888 695 2949 tertius
718 2886 918 2971 foliis
967 2888 1258 2968 17-22,
1314 2898 1589 2972 quartus
1669 2887 1816 2952 oliis
1860 2889 2154 2968 23—28,
2200 2889 2302 2969 30,
2346 2887 2449 2968 32,

223 2971 487 3034 insertis
515 2969 616 3034 29.
648 2980 706 3032 et
733 2969 833 3052 31,
879 2974 1144 3054 quintus
1174 2970 1371 3051 foliis
1413 2971 1515 3034 33.
1559 2972 1598 3036 3
1651 2972 1828 3054 -44,
1872 2974 2138 3037 insertis
2180 2972 2451 3052 34—37,

223 3053 656 3138 sextusfoliis
683 3053 786 3135 45,
816 3055 920 3135 46,
950 3055 1052 3134 48,
1084 3055 1186 3137 52,
1217 3056 1485 3136 54—57‚
1532 3059 1797 3120 insertis
1824 3056 1928 3136 47,
1957 3057 2228 3123 49—51.
2262 3065 2320 3120 et
2347 3055 2443 3120 53.

225 3136 582 3224 Scriptura
626 3141 700 3201 in
737 3142 963 3222 prima
1009 3141 1224 3225 operis
1257 3149 1454 3222 parte
1496 3142 1732 3225 major,
1784 3141 1940 3204 inde
1984 3165 2027 3204 a
2051 3139 2230 3225 folio
2276 3162 2449 3204 nono

226 3220 551 3303 decrescit,
596 3224 668 3286 in
713 3221 1050 3286 nonnullis
1087 3225 1367 3308 payinis
1398 3226 1765 3308 praecipue
1799 3247 1873 3308 p.
1910 3223 2012 3290 49.
2045 3234 2100 3287 et
2130 3225 2231 3287 50.
2263 3224 2451 3287 valde

223 3307 492 3390 emiqua,
559 3307 632 3368 in
686 3306 842 3370 aliis
893 3307 1154 3391 injuria
1211 3316 1565 3392 temporum
1609 3317 1742 3370 tam
1786 3307 2083 3392 pallida,
2152 3317 2222 3370 ut
2269 3306 2453 3370 haud

223 3391 366 3453 sine
411 3388 796 3472 difficultate
841 3390 1154 3476 *le9atur.
1227 3391 1362 3471 Est,
1409 3400 1480 3453 ut
1523 3413 1689 3474 opus
1732 3393 1953 3473 ipsum
1989 3391 2237 3474 prodit,
2273 3401 2451 3452 auto-

222 3474 556 3558 9raphum
598 3475 885 3555 Richeri,
941 3483 1136 3538 totum
1181 3496 1260 3537 ue
1313 3477 1456 3560 ejus
1509 3497 1711 3537 manu
1769 3496 1902 3537 non
1948 3473 2153 3538 solum
2181 3473 2453 3556 finitum

224 3557 342 3620 sed
383 3565 440 3619 et
481 3561 901 3644 recoynitum.
994 3555 1130 3630 Quo
1235 3559 1490 3642 quidem
1534 3566 1721 3641 patet
1769 3579 1849 3620 eoe
1891 3556 2111 3621 multis
2156 3580 2300 3621 cum
2342 3580 2449 3621 υο-

224 3641 480 3705 cabulis
523 3650 656 3706 tum
700 3643 1050 3722 sententiis,
1105 3641 1317 3706 eodem
1364 3650 1741 3720 atramentO,
1802 3664 1927 3726 quo
1987 3642 2186 3705 scribi
2238 3664 2451 3727 coepe-

224 3734 403 3805 rant,
449 3724 669 3789 deletis
715 3737 903 3811 atque
949 3724 1104 3790 aliis
1132 3727 1394 3790 vocibus
1425 3734 1482 3788 et
1511 3726 1843 3790 sententiis
1875 3727 2094 3791 eadem
2123 3725 2453 3790 scribendi

223 3812 388 3873 serie
433 3810 812 3874 substitutis.
905 3809 1108 3896 Cujus
1151 3812 1249 3873 rei
1291 3809 1586 3894 exempla
1616 3833 1756 3872 cum
1787 3819 1996 3874 teoetus
2032 3813 2222 3888 infra
2266 3811 2451 3874 eden-

225 3894 354 3958 dus
398 3894 734 3977 praebeat,
799 3894 902 3958 hic
957 3904 1208 3958 tantum
1271 3894 1735 3958 advertendum
1798 3897 1939 3977 erit,
2008 3904 2332 3959 auctorem
2376 3895 2450 3958 in

222 3979 742 4064 recoqnoscendo
787 3979 979 4042 etiam
1025 4000 1213 4064 opere
1257 3977 1594 4064 complura
1646 3980 1924 4064 majoris
1977 3979 2279 4043 momenti
2332 3979 2449 4042 im-

224 4138 292 4172 eo
333 4129 622 4175 memorata
660 4123 932 4172 historiam
972 4120 1176 4172 Arnulfi
1217 4128 1270 4171 et
1308 4121 1553 4172 Gerberti
1592 4122 1756 4174 multo
1797 4123 2060 4173 diversam
2100 4123 2166 4173 ab
2210 4138 2274 4173 ea
2314 4137 2449 4188 quae

223 4196 317 4245 hic
354 4197 550 4262 legitur
589 4195 952 4246 exhibuerunt.
1105 4193 1161 4258 1)
1198 4195 1264 4245 In
1305 4194 1500 4246 Chron.
1540 4197 1913 4260 Hirsaugiensi
1953 4204 2007 4246 et
2054 4196 2189 4246 libro
2232 4197 2299 4246 de
2349 4196 2451 4244 ori·

225 4270 354 4332 gine
394 4271 738 4320 Francorum.

2474 3413 2489 3429 ·
2506 3427 2554 3464 p.
2588 3413 2693 3457 5⁶⁷.
