3059 4834
784 269 1091 323 RICHERI
1129 271 1633 325 HISTORIARUM
1669 273 1894 324 LIBER
1930 273 2006 326 11.
2454 275 2520 324 61

280 446 458 502 trans
490 436 854 522 Sequanam
884 436 1155 502 fluvium
1182 440 1305 504 iter
1333 438 1596 520 faciens,
1639 439 1911 504 Baiocas
1939 442 2248 524 pervenit.
2309 439 2522 522 Quam
2543 457 2642 499 944-

280 542 631 606 aggressus
672 520 874 586 multa
917 522 1260 587 obsidione.
1290 523 1542 608 premit.
1617 522 1795 588 Inter
1837 523 1994 588 haec
2023 547 2063 588 a
2089 525 2286 610 regiis
2330 526 2523 611 stipa-

280 604 533 668 toribus
576 605 867 689 persuasi
909 605 1309 686 Nortmanni,
1353 606 1439 669 ad
1478 627 1700 706 regem
1742 606 2028 671 redeunt.
2113 608 2276 673 Dux
2307 619 2522 674 autem

278 688 670 753 Baiocenses
715 688 1003 772 urgebat.
1091 691 1234 754 Rex
1264 690 1412 754 duci
1442 689 1890 755 obs1dionema
1934 690 2180 757 solvere
2206 715 2324 778 per
2349 692 2523 778 lega-

276 783 385 836 tos
430 772 625 837 iubet.
733 771 849 838 Ille
907 783 1118 837 autem
1178 783 1401 858 utpote
1459 774 1544 838 ab
1600 796 1756 860 rege
1814 774 2034 839 datum
2087 776 2362 862 amplius
2410 799 2521 863 op-

276 865 548 942 pugnat.
621 857 764 921 Rex
794 878 1049 943 quoque
1077 859 1310 922 iterum
1337 857 1619 941 mandat,
1667 857 1860 944 quod,
1902 859 2027 922 nisi
2056 860 2184 925 cito
2215 860 2522 943 discedat,

275 961 429 1004 sese
470 941 535 1003 in
579 962 725 1003 eum
771 962 917 1004 cum
962 942 1166 1026 copiis
1208 943 1463 1006 iturum.
1551 942 1710 1006 Dux
1751 943 1947 1027 regiis
1985 944 2174 1007 iussis
2205 945 2522 1008 contraire

275 1045 416 1088 non
478 1022 715 1106 valenS‚
781 1025 863 1091 ab
930 1023 1263 1090 obsidione
1329 1028 1633 1090 coactusb
1701 1025 1992 1091 discedit.
2087 1028 2231 1092 Rex
2294 1025 2520 1092 urbem

276 1116 751 1194 consequenter
818 1109 1193 1194 ingreditur.
1311 1108 1508 1175 Cuius
1581 1110 1664 1174 ad
1730 1132 1797 1174 se
1871 1110 2120 1176 civibus
2183 1113 2520 1194 revocatis,

274 1189 573 1255 Ebrocas
629 1193 791 1276 petit
847 1214 923 1256 ac
978 1191 1151 1256 nullo
1205 1194 1537 1258 resistente
1593 1193 1952 1279 ingreditur
1970 1208 2012 1258 ¹.
2111 1195 2248 1259 Nec
2306 1197 2518 1260 minus

276 1284 350 1340 et
390 1274 471 1340 ab
502 1275 977 1342 Ebrocensibus
1017 1277 1300 1364 acceptis
1332 1277 1684 1360 obsidibus,
1728 1277 1972 1364 reliqua
2000 1280 2242 1365 absque
2273 1291 2519 1344 contra-

274 1359 561 1424 dictione
606 1357 894 1425 obtinuit.
1186 1365 1189 1370 ’
2542 1376 2646 1420 94⁶·

594 1479 694 1544 43.
758 1480 919 1544 Dux
971 1503 1120 1546 suos
1164 1483 1271 1546 in⁰
1310 1482 1481 1566 regis
1523 1480 1862 1545 iniuriam⁰
1905 1482 2210 1548 hortatur.

451 1581 610 1645 Dux
652 1582 827 1667 apud
867 1604 1015 1646 suos
1057 1582 1223 1646 hanc
1262 1583 1564 1647 iniuriam
1623 1584 1954 1669 sepissime
1996 1606 2377 1668 memoranS,
2436 1586 2518 1651 de

276 1666 455 1750 regis
563 1667 795 1731 ernicie
847 1667 1313 1752 pertractabat3
1381 1666 1636 1732 *fideles
1691 1677 1754 1732 et
1808 1669 2049 1732 amicos
2105 1667 2388 1752 hortans,
2446 1680 2519 1735 ut
2539 1691 2654 1738 Ἴσι.
2689 1695 2762 1735 22.

278 1751 407 1814 hoc
464 1689 669 1814 ultum
725 1750 805 1813 iri
862 1749 1235 1817 accelerent.
1334 1752 1529 1832 Quod
1583 1753 1775 1817 etiam
1832 1751 2047 1816 multis
2101 1754 2516 1838 querimoniis

278 1832 705 1918 amplificans,
751 1856 900 1898 suos
943 1837 1011 1898 in
1039 1857 1259 1921 regem
1289 1844 1617 1920 provocat.
1691 1835 2059 1899 Bernardus
2088 1836 2180 1900 ita
2224 1860 2306 1901 ue
2337 1837 2516 1902 Sille-

277 1917 479 1982 tensis
497 1930 521 1964 ²
550 1927 742 2004 atque
772 1916 1169 1984 Teutboldus
1200 1919 1559 1983 Turonicus
1590 1919 2003 2003 conquerenti
2035 1921 2186 1984 satis
2214 1922 2516 2003 aciente8‚

276 2001 743 2066 Montiniacum
786 2003 959 2083 regis
1004 2001 1315 2087 oppidum
1357 2003 1426 2064 in
1466 2003 1624 2085 ipsis
1679 2000 1956 2086 paschae
2013 2000 2238 2066 diebus
2296 2026 2519 2088 perva-

279 2084 523 2168 denteS‚
597 2087 859 2172 capiunt
931 2084 1337 2171 diruuntque.
1448 2084 1922 2169 Compendium
1989 2106 2241 2170 quoque
2305 2087 2520 2171 regiae

277 2168 451 2233 sedis
496 2167 708 2232 aulam
749 2168 1067 2253 repentini
1110 2175 1446 2254 penetrant
1487 2188 1900 2253 ac,quaeque
1943 2168 2185 2254 regalia
2245 2169 2523 2254 insignia

276 2251 657 2336 diripientes
714 2260 1064 2336 asportant.
1163 2251 1301 2316 Nec
1352 2249 1553 2314 multo
1617 2259 1764 2336 post
1814 2258 1877 2315 et
1927 2251 2100 2314 idem
2157 2251 2521 2317 Bernardus

277 2337 454 2480 rigdis
499 2342 831 2399 venatores
888 2355 1204 2420 canesque
1260 2335 1519 2420 capiens
1537 2336 1586 2416 ¹³,
1647 2356 1793 2398 cum
1847 2335 2028 2420 equis
2070 2357 2146 2399 ac
2188 2334 2521 2400 venabulis

281 2439 326 2480 a
419 2418 583 2482 uxit.

535 2539 639 2602 44.
702 2537 845 2602 Rex
888 2539 1154 2602 urbemd
1196 2539 1543 2603 Remorum
1590 2536 1960 2603 obsidioned
2002 2541 2292 2623 premitd.

450 2639 595 2704 Rex
653 2639 973 2703 Rhodomi
1037 2638 1189 2704 talia
1255 2661 1398 2704 com
1448 2641 1673 2722 ericus,
1739 2641 2280 2706 Nortmannorum
2340 2665 2518 2707 exer-

277 2723 484 2787 citum
530 2721 774 2806 colligit
815 2723 1162 2808 copiosum,
1208 2745 1286 2786 ac
1330 2745 1404 2788 co
1454 2734 1616 2805 ecto,
1663 2724 1847 2808 redit,
1893 2747 2133 2810 pagum
2169 2727 2519 2791 Veroman-

276 2805 545 2871 densem
587 2807 656 2870 in
735 2806 955 2872 ediens
1060 2809 1394 2894 enitusque
1453 2809 1619 2895 depo
1669 2807 1872 2873 ulans.
1971 2811 2218 2874 Accitis
2263 2831 2519 2898 quoque

273 2889 549 2954 Amulfo
571 2901 615 2972 ³,
721 2891 947 2974 rluino,
1052 2892 1323 2957 ernardo
1369 2891 1514 2975 alio,
1678 2893 1973 2958 eoderico
2028 2892 2388 2976 comitibuS‚
2451 2896 2520 2957 in

275 2971 504 3039 urbem
564 2975 911 3039 Remorum
966 2974 1184 3040 fertur.
1285 2975 1580 3062 Eamque
1642 2977 1738 3041 dis
1789 2978 1952 3042 osita
2015 2979 2518 3064 circumquaque

277 3057 617 3123 obsidione
661 3060 880 3145 cingit,
935 3081 1012 3124 eo
1070 3060 1245 3145 quod
1288 3060 1521 3146 Hugoe
1581 3063 1718 3125 eius
1768 3083 1870 3125 em
1929 3061 2106 3127 urbis
2153 3063 2518 3161 episcopus,

278 3142 437 3228 quia
479 3141 663 3206 ducis
704 3142 993 3228 partibus
1034 3143 1314 3225 favebat,
1356 3144 1492 3228 regi
1530 3145 1887 3230 ingressum
1915 3145 2211 3229 negabat.
2297 3145 2516 3211 Primo

276 3247 352 3289 er
399 3247 435 3290 o
478 3228 724 3311 impetu
766 3227 1049 3312 graviter
1104 3228 1479 3292 dimicatum
1537 3237 1651 3292 est.
1735 3227 1905 3291 Nam
1963 3229 2308 3313 sagittariis
2367 3228 2518 3291 hinc

275 3247 430 3374 inde
475 3309 822 3396 dispositis,
867 3310 978 3395 qui
1018 3310 1087 3373 in
1128 3332 1313 3374 muro
1342 3310 1725 3376 resistebant
1752 3309 2098 3374 missilibus
2130 3313 2516 3374 sauciantur.

278 3392 537 3472 Quibus
600 3395 849 3473 amotis,
912 3391 1022 3456 alii
1082 3394 1305 3459 intacti
1369 3394 1739 3474 succedunt,
1804 3395 1978 3457 vices
2029 3413 2285 3478 pugnae
2341 3394 2408 3456 in
2456 3415 2516 3457 e-

274 3485 512 3542 rentes.
600 3477 731 3542 Sed
773 3487 838 3542 et
880 3486 1063 3541 extra
1105 3475 1245 3541 telis
1288 3499 1364 3540 ac
1408 3476 1730 3561 lapidibus
1787 3476 1993 3557 iactis,
2051 3474 2338 3540 nonnulli
2383 3498 2422 3540 a
2493 3516 2516 3526 ·

277 3561 541 3627 ciuntur
581 3561 963 3646 ceduntque.
1051 3559 1221 3646 Sepe
1264 3560 1573 3625 tumultus
1616 3568 2011 3644 reparantur,
2055 3581 2208 3645 sepe
2251 3559 2334 3624 ad
2374 3582 2518 3648 por-

276 3653 401 3729 tas,
445 3668 598 3731 sepe
640 3644 725 3708 ad
768 3666 1023 3708 murum
1068 3645 1423 3707 comminus
1466 3643 1814 3728 congressi.
1909 3643 2147 3708 Animo
2193 3645 2519 3732 utrimque

278 3727 547 3812 feroces,
591 3727 766 3793 nullo
810 3728 1003 3793 modo
1048 3727 1275 3792 cedere
1316 3735 1578 3813 parant3
1622 3747 1976 3812 numquam
2019 3726 2142 3791 sibi
2185 3751 2391 3814 usque
2433 3727 2520 3794 ad

278 3812 771 3878 internetionem
838 3812 1097 3894 cessuri,
1160 3811 1284 3875 nisi
1345 3811 1874 3876 intercedentium
1939 3811 2518 3898 supplicationibus

282 3894 537 3962 obsidio
581 3896 789 3962 soluta
830 3895 1243 3961 discessisset.

406 4029 453 4083 a)
487 4032 545 4072 ab
577 4035 679 4071 ame
709 4030 995 4071 obsidionem
1026 4029 1107 4070 del.
1140 4031 1178 4067 1.
1297 4025 1347 4080 h.)
1377 4031 1475 4076 poet
1506 4027 1606 4068 add.
1728 4024 1771 4077 c)
1803 4025 1834 4078 i,
1865 4026 1884 4064 ί
1915 4026 2032 4066 abac.
2169 4025 2215 4077 d)
2249 4025 2370 4078 bem,
2403 4027 2518 4078 obsi,

285 4091 326 4131 it
354 4091 467 4131 abac.
587 4089 633 4144 e)
666 4089 723 4130 ab
753 4089 949 4138 Rusone
982 4109 1035 4119 -
1071 4089 1291 4137 episcopo
1323 4108 1375 4118 —
1408 4088 1645 4134 ingressus
1678 4085 1938 4133 negabatur
1970 4088 2010 4125 1.

440 4187 493 4250 1)
532 4186 655 4237 Hoc
693 4185 953 4236 Richems
988 4182 1224 4235 addidit.
1374 4179 1433 4248 2)
1471 4184 1509 4233 i.
1541 4198 1588 4233 e.
1617 4180 2054 4234 silvanectensis.
2203 4177 2265 4246 3)
2291 4178 2518 4232 Erluino

288 4275 407 4308 cum
439 4267 597 4324 parte
633 4255 853 4308 militum
890 4255 1103 4324 Arnuffi
1140 4255 1298 4307 Flod.
2552 4283 2558 4290 -
