3059 4834
654 239 723 288 26
1174 235 1477 287 RICHERI
1516 232 2021 286 HISTORIARUM
2057 235 2279 287 LIBER
2316 237 2362 288 Ι.

533 425 630 465 922.
650 416 723 471 ut
744 416 770 447 ³
812 405 949 490 ipse
991 405 1058 466 in
1101 424 1364 552 reinum
1410 403 1700 467 coronari
1738 424 1886 490 oon
1926 402 2307 484 abnueretb‚
2366 400 2594 466 multis
2655 403 2888 467 suasio·

652 490 840 554 nibus
883 509 1182 574 permove
1230 497 1312 552 at.
1396 487 1740 551 Heinricus
1799 509 1955 550 vero
2002 509 2150 551 cum
2201 486 2482 552 nefanda
2537 509 2690 550 eum
2752 507 2886 550 sua-

653 573 805 638 dere
872 572 1261 653 adverteret,
1327 570 1512 636 dictis
1580 570 1902 637 suadentis
1967 571 2312 636 admodum
2373 570 2649 652 restitit,
2718 581 2781 637 et
2820 581 2886 634 ut

655 658 1006 744 quiesceret
1047 655 1127 720 ab
1171 654 1428 737 illicitis,
1474 654 1689 720 multis
1732 652 2327 740 amplificationibus
2371 652 2673 740 agitabat
2701 667 2743 718 ¹.
2814 667 2857 706 ⁸

817 742 918 806 40.
1004 739 1092 804 Et
1150 739 1545 806 Gislebertus
1600 738 1857 825 quidem
1922 761 2067 804 cum
2138 740 2312 826 apud
2384 761 2693 803 socerum
2764 760 2887 802 non

652 825 1020 911 proficeret,
1077 837 1238 890 necc
1295 846 1565 909 regnum
1630 823 1794 888 sibi0
1846 845 2075 909 parare
2116 833 2335 909 posset
2348 835 2391 904 ⁶,
2454 824 2531 886 in
2580 820 2885 888 Celticam

653 909 890 975 secedit
933 910 1052 973 acd
1096 910 1319 973 transit
1359 911 1426 972 in
1455 907 1850 990 Neustriam3
1895 909 2114 994 sicque
2157 930 2305 972 cum
2332 906 2652 971 Rotberto
2688 905 2883 971 duce*

653 993 732 1058 de
793 993 1016 1058 eodem
1073 995 1328 1077 negotio
1385 989 1718 1056 consilium
1777 991 2049 1072 confert,
2111 991 2382 1056 suadens
2444 992 2509 1056 ei
2570 990 2655 1055 de
2709 989 2885 1076 regni

653 1078 1056 1164 susceptione
1126 1099 1202 1140 ac
1269 1075 1492 1141 Karoli
1576 1075 1954 1142 abiectione.
2064 1074 2370 1141 Exultat⁰
2443 1077 2745 1140 tirannus
2828 1082 2883 1137 et

651 1162 900 1226 tiranno
942 1161 1186 1246 absque
1229 1183 1409 1225 mora
1447 1160 1636 1224 favet.
1721 1159 2096 1226 Deliberant
2134 1161 2350 1245 itaque
2392 1161 2593 1224 ambo
2640 1170 2705 1224 et
2745 1166 2883 1245 post

652 1246 805 1332 prof
849 1244 1287 1330 perpetrandis
1329 1243 1522 1308 fidem
1568 1252 1962 1308 sacramento
1980 1256 2009 1298 8
2052 1243 2524 1308 confirmant**.

822 1331 922 1395 41.
1009 1329 1370 1415 Temporeh
1412 1349 1565 1393 vero
1625 1329 1996 1410 constitutO,
2057 1329 2227 1392 cumi
2282 1351 2399 1393 rex
2442 1327 2755 1412 Tungros
2797 1348 2879 1389 re-

653 1413 850 1478 disset
885 1412 1102 1498 ibique
1187 1414 1428 1478 rivatus
1457 1411 1781 1493 resideret,
1812 1411 2035 1477 urbem
2065 1412 2517 1477 Suessonicam
2541 1412 2879 1477 Rotbertus

653 1497 1025 1582 ingreditur.
1111 1436 1307 1582 Kpud
1351 1518 1542 1582 quem
1598 1518 1679 1560 ex
1732 1505 1866 1559 tota
1882 1497 1910 1538 ¹¹
1956 1494 2198 1561 Celtica
2248 1497 2560 1582 primates
2620 1494 2877 1570 collecti,

701 1603 786 1645 ua
826 1582 1067 1645 ratione
1111 1602 1329 1665 regem
1372 1579 1668 1660 abiciant,
1722 1581 2228 1644 constantissime
2283 1580 2667 1644 consultant.
2754 1578 2877 1642 Nec

657 1602 855 1728 defuit
901 1663 1294 1728 Gislebertus
1339 1663 1420 1727 ab
1463 1661 1744 1747 Belgica,
1790 1665 1900 1748 qui
1940 1686 2094 1728 mox
2138 1663 2379 1750 absque
2423 1664 2877 1729 deliberatione

656 1747 1030 1813 Rotbertum
1093 1769 1307 1833 regem
1369 1746 1708 1811 creandum
1774 1748 2231 1834 perstrepebat.
2320 1747 2673 1813 Communi
2738 1771 2805 1812 er
2845 1767 2876 1808 ο

427 1851 530 1891 1un.
567 1850 620 1891 29
658 1834 942 1897 omnium
999 1833 1110 1918 qui
1163 1830 1430 1895 aderant
1485 1830 1736 1895 decreto
1792 1831 2136 1896 Rotbertus
2189 1830 2470 1918 eligitur3
2555 1855 2634 1897 ac
2692 1770 2876 1896 mufio

803 1987 850 2055 ²⁸¹)
891 1986 972 2045 R„
1012 1985 1235 2038 Outonis
1273 1988 1414 2052 regis
1452 1985 1631 2045 fratre,
1671 1988 1760 2052 qui
1799 1992 1913 2038 erat
1952 1986 2057 2037 dux
2095 1987 2357 2038 Celticae.
2430 1987 2641 2043 Ekkelz.

777 2061 852 2132 **)
890 2061 959 2110 Et
995 2066 1116 2126 post
1155 2059 1292 2110 haec
1321 2059 1651 2112 Gislebertus
1690 2061 1744 2109 in
1777 2058 2056 2125 Belgicam
2096 2059 2251 2128 redit,
2292 2062 2591 2129 municipia
2633 2061 2876 2114 militibus

895 2134 1062 2199 copiis
1101 2132 1486 2184 sufficientibus
1525 2133 1771 2200 implens,
1825 2135 1880 2182 in
1930 2149 2110 2199 regem
2152 2135 2327 2184 omnia
2367 2133 2657 2200 ordinans;
2716 2132 2875 2186 sicubi

893 2206 1086 2258 rudera
1112 2206 1314 2256 aditum
1340 2206 1629 2268 faciebant,
1667 2206 1982 2258 firmioribus
2012 2207 2257 2258 claustris
2283 2207 2663 2262 reaedificans.
2722 2209 2875 2258 Ratus

894 2295 1019 2330 vero
1060 2279 1254 2330 milites
1294 2296 1326 2329 a
1363 2295 1480 2330 sese
1522 2278 1752 2330 deficere
1805 2295 1977 2346 posse,
2028 2282 2074 2330 si
2124 2280 2462 2331 iureiurando
2504 2285 2611 2333 sibi
2652 2298 2743 2332 eos
2781 2292 2875 2329 non

896 2359 1221 2414 annecteret,
1261 2353 1418 2403 fidem
1448 2353 1515 2404 ab
1544 2354 1787 2404 omnibus
1816 2369 1879 2404 ex
1916 2353 2270 2417 iureiurandO,
2302 2354 2398 2405 sed
2426 2361 2481 2406 et
2508 2356 2727 2408 obsides
2755 2366 2873 2417 quos

895 2426 1010 2478 vult
1060 2428 1288 2493 accipit,
1343 2443 1540 2492 eosque
1590 2428 1646 2477 in
1696 2427 1892 2493 oppido
1943 2427 2219 2487 Harburc,
2271 2427 2414 2493 quod
2464 2424 2873 2496 inexpugnabile

895 2499 1189 2563 videbatur,
1229 2500 1511 2566 deputatos
1551 2499 1793 2561 recludit,
1841 2503 1896 2549 in
1935 2515 2117 2565 regem
2158 2503 2334 2551 omnia
2381 2501 2565 2567 palam
2618 2502 2875 2554 ordinans.

896 2571 1022 2638 (His
1061 2588 1152 2622 rex
1191 2607 1387 2622 ......
1435 2588 1528 2622 rex
1565 2579 1835 2638 permotus
1873 2573 1999 2639 del.)
2076 2575 2189 2624 Nec
2228 2576 2399 2624 minus
2424 2590 2457 2624 a
2484 2574 2561 2640 (?)
2603 2589 2788 2626 socero
2822 2568 2873 2619 id

898 2647 1142 2710 optinuit,
1180 2652 1252 2707 ut,
1294 2661 1664 2711 quaecumque
1702 2647 1901 2710 ipsein
1928 2661 2107 2711 regem
2141 2648 2553 2710 machinaretur,
2596 2666 2663 2699 ea
2700 2657 2873 2700 socero

896 2719 1119 2767 iniuriae
1158 2734 1263 2768 non
1305 2724 1498 2780 essent,
1536 2719 1763 2767 maxime
1790 2719 1857 2768 ob
1884 2721 1940 2770 id
1969 2718 2111 2784 quod
2144 2720 2499 2772 Sarmatarum
2541 2721 2872 2773 infestatione

895 2791 1011 2856 ipse
1050 2790 1332 2841 admodum
1374 2805 1604 2857 pressus,
1656 2790 1746 2852 (de
1785 2791 1913 2858 del.)
1952 2793 2140 2843 alienis
2189 2795 2418 2858 negotiis
2468 2795 2678 2846 utiliter
2724 2795 2873 2844 inter-

899 2879 1016 2914 esse
1055 2880 1160 2913 non
1198 2871 1395 2929 posset.
1469 2864 1571 2914 His
1612 2879 1739 2928 ergo
1779 2880 1871 2915 rex
1909 2867 1960 2914 in
2004 2864 2211 2917 Celtica
2262 2874 2552 2932 permotus,
2602 2868 2873 2933 Belgicam

896 2939 1121 3003 impetit.
1194 2941 1266 2988 At
1303 2937 1634 2990 Gislebertus
1672 2944 1855 3003 utpote
1896 2941 1988 3005 qui
2024 2937 2183 2989 fidem
2223 2941 2527 3006 abruperat,
2580 2940 2651 2992 ad
2700 2951 2873 3004 regem

897 3025 1005 3060 non
1055 3009 1223 3061 solum
1276 3013 1454 3062 venire
1508 3012 1857 3078 contempsit,
1893 3027 2091 3064 >verum
2143 3014 2384 3078 pecuniis
2434 3050 2672 3066 .......
2723 3017 2871 3077 atque

896 3099 1070 3134 rerum
1107 3084 1579 3150 pollicitationibus
1616 3084 1685 3135 ab
1725 3101 1853 3150 rege
1887 3101 2246 3152 quoscumque
2272 3093 2479 3153 poterat
2517 3085 2871 3139 subtrahebat.

897 3157 968 3206 Et
1004 3173 1096 3206 rex
1134 3157 1348 3223 quidem
1402 3173 1520 3208 cum
1570 3159 1836 3224 patienter
1884 3160 2019 3209 haec
2070 3158 2138 3208 ad
2188 3167 2395 3226 tempus
2446 3159 2729 3212 toleranda
2778 3169 2873 3206 non

896 3231 1180 3294 ignoraret,
1231 3232 1459 3297 Tungris
1512 3247 1631 3281 cum
1681 3233 1747 3282 iis
1800 3233 1890 3297 qui
1940 3248 2122 3282 secum
2175 3249 2241 3284 ex
2293 3233 2503 3285 Celtica
2553 3230 2873 3285 advenerant

896 3303 1098 3369 absque
1151 3304 1378 3356 tumultu
1429 3304 1728 3368 residebat3
1791 3305 1963 3356 levius
2013 3305 2129 3356 fieri
2179 3323 2421 3358 asserens
2474 3306 2734 3374 quicquid
2785 3315 2872 3370 per

894 3379 1216 3443 pacientiam
1272 3378 1556 3431 toleratur:
1620 3379 1702 3428 Ex
1738 3395 1763 3429 s
1789 3413 1997 3430 .....
2043 3379 2279 3431 Medium
2332 3397 2541 3446 quoqne
2594 3395 2713 3432 sese
2765 3388 2872 3427 esse

895 3451 1124 3501 hostium
1149 3467 1559 3518 recognoscenS,
1587 3467 1705 3502 cum
1733 3467 1767 3501 a
1794 3448 1933 3517 (post
1960 3452 2113 3518 add.)
2141 3454 2393 3505 Rotberto
2420 3453 2543 3503 hinc
2570 3457 2627 3504 in
2657 3451 2870 3513 Celtica,

899 3523 966 3574 ab
1009 3525 1306 3578 Gisleberto
1358 3543 1484 3576 vero
1535 3525 1663 3578 inde
1713 3525 1769 3575 in
1818 3526 2045 3592 Belgica
2100 3532 2393 3592 urgeretur.
2467 3528 2537 3578 Et
2595 3525 2871 3578 Rotbertus

900 3599 1112 3662 quidem
1156 3601 1222 3650 de
1261 3601 1403 3665 regis
1441 3600 1743 3652 abiectione
1782 3601 1969 3665 suique
2021 3603 2353 3667 promotione
2397 3599 2534 3651 adeo
2582 3596 2871 3650 laborabat,

898 3671 1059 3737 idque
1100 3672 1241 3739 apud
1279 3674 1549 3741 principes
1588 3674 1666 3725 sic
1707 3671 1952 3731 obtinuit,
1991 3681 2049 3724 ut
2087 3679 2271 3725 contra
2307 3689 2490 3738 regem
2532 3689 2651 3724 cum
2682 3688 2743 3722 eo
2768 3668 2871 3718 fere

901 3745 1040 3810 (post
1079 3745 1230 3808 add.)
1273 3762 1453 3797 omnes
1495 3743 1860 3798 crudelissime
1901 3748 2292 3799 coniurarent2.
2333 3746 2463 3798 add.
2508 3747 2557 3811 1,
2594 3745 2696 3797 del.
2738 3742 2787 3792 2·

781 3852 826 3906 a)
852 3859 952 3904 post
985 3854 1083 3895 add.
1204 3854 1252 3905 b)
1288 3856 1458 3896 abnuat
1492 3859 1540 3906 13
1591 3884 1604 3899 .
1623 3861 1837 3898 ...verat
1866 3858 1914 3896 in
1945 3868 2081 3906 mar-9.
2114 3857 2213 3898 add.
2351 3854 2392 3908 c)
2425 3867 2511 3897 nec
2542 3867 2582 3896 r.
2614 3867 2651 3896 s.
2682 3865 2727 3904 p.
2758 3862 2801 3901 p·
2828 3846 2873 3885 5¹⁸

664 3926 800 3964 maro.
835 3915 890 3963 23
936 3924 1012 3966 ne,
1044 3914 1130 3966 sib,
1162 3926 1191 3964 p
1223 3915 1335 3954 abac.
1496 3914 1544 3967 d)
1578 3919 1714 3965 atque
1744 3915 1795 3954 in
1826 3918 1882 3957 N.
1914 3919 1970 3957 tr.
2007 3919 2047 3967 1,
2090 3927 2204 3958 corr.
2241 3917 2281 3956 2.
2416 3914 2460 3966 e)
2493 3916 2552 3955 Et
2581 3918 2614 3955 t.
2648 3922 2753 3952 mox
2782 3914 2873 3958 1³0¹·

661 3984 822 4014 suasus
853 3978 888 4014 t.
923 3976 965 4025 1,
1011 3985 1122 4016 corr.
1157 3974 1199 4014 2.
1348 3971 1383 4025 f)
1416 3983 1475 4015 ex
1507 3976 1546 4015 1.
1695 3972 1741 4026 g)
1776 3977 2074 4016 sacramentis
2108 3977 2149 4016 1.
2289 3972 2337 4026 h)
2370 3976 2430 4016 Et
2459 3978 2488 4016 t.
2522 3985 2559 4014 e.
2596 3974 2646 4024 1,
2690 3979 2801 4010 corr.
2832 3963 2871 4002 2·

664 4032 697 4084 i)
731 4043 834 4073 cum
869 4054 919 4063 —
956 4034 1174 4072 resideret
1205 4033 1252 4071 in
1281 4044 1420 4082 mar-9.
1540 4031 1590 4085 k)
1626 4035 1751 4074 omni
1781 4045 1900 4085 pene
1935 4037 1975 4076 1.

813 4125 868 4192 1)
908 4126 1061 4179 Haec
1099 4127 1342 4179 fabulosa
1381 4143 1514 4190 esse,
1558 4131 1687 4181 satis
1730 4137 1950 4182 constat.
2105 4127 2161 4195 2)
2196 4131 2328 4182 Cum
2359 4131 2441 4182 his
2472 4129 2711 4180 conferas
2738 4132 2867 4189 quae

663 4215 822 4265 supra
862 4216 907 4251 c.
949 4201 1035 4249 21.
1075 4201 1324 4267 leguntur
1363 4207 1417 4253 et
1455 4217 1592 4268 quae
1634 4210 1818 4254 auctor
1855 4203 1938 4254 his
1976 4203 2313 4255 substituisse
2352 4203 2580 4256 videtur.
