3059 4834
739 267 1045 318 RICHERI
1084 265 1588 319 HISTORIARUM
1624 267 1848 316 LIBER
1886 268 1959 318 ΙΙ.
2385 269 2454 317 43

230 435 323 500 rei
378 432 667 499 militaris
727 433 1337 499 administrationem
1392 433 1634 519 absque
1692 455 1766 498 eo
1823 435 1994 499 iama
2051 433 2452 520 disponebat.
2475 455 2576 496 93⁶1.

228 517 614 582 Laudunum
692 518 906 603 itaque
970 517 1174 582 tendit
1248 518 1468 602 ibique
1533 527 1800 581 matrem
1865 542 2046 583 suam
2108 519 2455 605 Ethgivam

228 605 517 688 reginam
548 601 631 664 ad
660 602 839 666 urbis
870 602 1223 666 custodiam
1253 600 1538 685 deputat.
1621 601 1720 664 Ac
1751 603 1983 668 exinde
2015 625 2456 690 quaecumque

276 695 441 750 reter
499 684 727 750 ducem
782 685 1205 750 adoriebatur.
1307 684 1498 766 Quod
1542 687 1734 750 etiam
1775 685 1897 749 fuit
1939 709 2068 751 non
2108 689 2409 752 minimae
2425 689 2454 730 b

252 771 392 835 abis
438 770 868 834 seminarium.
954 769 1114 834 Dux
1166 771 1445 835 etenima
1500 791 1718 852 regem
1774 792 1928 834 suae
1990 773 2454 857 procurationis

228 853 713 939 dispositionem
754 853 1108 940 reppulisse
1150 853 1507 934 advertens,
1551 853 1964 918 Heribertum
2005 856 2302 920 comitem
2332 856 2453 920 sibi

227 939 509 1019 asciscit,
553 936 824 1023 plurima
866 937 1042 1024 apud
1086 960 1233 1002 eum
1262 939 1331 1002 in
1357 939 1528 1023 regis
1561 937 2010 1003 contumeliam
2041 949 2453 1038 pertractans.

226 1022 600 1169 amicitiam
653 1022 817 1086 inter
874 1044 1010 1087 sese
1066 1032 1355 1087 mutuam
1408 1021 1880 1088 conditionibus
1936 1033 2256 1109 utrlmque
2311 1045 2456 1087 con-

310 1116 503 1170 mant.

410 1228 469 1291 7.
533 1227 908 1290 Heribertus
954 1235 1231 1289 castrum
1273 1225 1722 1291 Teodericium
1767 1225 1910 1290 dolo
1957 1228 2128 1313 capit
2183 1249 2258 1291 ac

801 1309 1193 1395 proditorem
1235 1311 1302 1373 in
1342 1309 1598 1375 vincula
1641 1311 1890 1375 conicit.

394 1412 777 1477 Heribertus
834 1413 1050 1498 itaque
1108 1411 1445 1477 VValonem
1500 1415 1670 1499 regis
1731 1413 2013 1495 fidelem,
2082 1414 2190 1499 qui
2249 1421 2456 1478 castro

274 1497 405 1560 uod
448 1496 864 1562 Theoderici⁰
908 1496 1139 1560 dicitur
1160 1509 1176 1540 ¹
1224 1507 1494 1582 preerat,
1539 1499 1608 1561 in
1652 1496 1796 1562 dolo
1840 1498 1998 1562 adiit
2040 1520 2118 1561 ac
2147 1497 2225 1562 de
2256 1507 2455 1562 trans-

225 1520 406 1666 {lugio
450 1579 625 1644 illum
670 1579 1029 1666 alloquitur.
1093 1580 1228 1644 Nec
1259 1579 1371 1644 diu
1400 1590 1702 1665 moratus,
1748 1581 2064 1669 decepto‘l
2092 1583 2454 1668 persuadet,

225 1666 471 1729 maiora
512 1663 815 1812 pollicens
859 1686 935 1727 ac
977 1663 1163 1751 plura
1205 1666 1599 1751 promittens.
1687 1665 1800 1730 Ille
1841 1689 1998 1731 mox
2038 1667 2117 1732 de
2153 1665 2454 1752 pollicitis

224 1751 511 1813 iusiuran
561 1773 667 1813 um
709 1747 1005 1834 postulat,
1050 1748 1369 1835 postulata
1411 1773 1550 1815 sese
1610 1751 1703 1814 sic
1746 1750 2067 1815 facturum
2113 1751 2453 1836 spondens.

224 1833 547 1897 Tirannus
604 1832 873 1898 libenter
926 1834 1165 1897 annuit.
1252 1833 1387 1898 Nec
1443 1835 1656 1898 minus
1715 1843 1779 1898 et
1819 1834 2148 1932 transfuga
2190 1836 2453 1916 iuratUS,

224 1927 478 2002 tempus
520 1918 832 2004 patrando
877 1917 1144 1980 facinori
1198 1916 1606 1981 demonstrat.
1693 1916 1898 1981 Immo
1943 1927 2007 1982 et
2048 1919 2281 1982 tiranni
2325 1940 2455 1981 ma-

224 2000 417 2066 nibus
462 2024 599 2066 sese
643 2000 876 2066 exinde
921 1999 1336 2063 militaturum
1378 2000 1719 2064 committit
1759 2021 1836 2063 ac
1865 2023 1952 2062 ex
1995 1999 2220 2064 militia
2261 1999 2456 2062 fidem

226 2085 691 2150 accommodat.
738 2085 884 2164 Quo
915 2095 1192 2168 peractO,
1223 2084 1290 2145 in
1310 2105 1429 2146 sua
1457 2082 1812 2147 discedunt.
1857 2084 2142 2168 Tempus
2173 2083 2456 2165 advenit,

226 2169 421 2233 Walo
466 2167 777 2232 simulatis
819 2169 1089 2252 negotiis
1131 2165 1361 2230 milites
1403 2167 1638 2251 regiOS,
1699 2169 1810 2251 qui
1866 2189 2084 2230 secum
2142 2176 2456 2252 preerant,

226 2254 299 2316 in
329 2253 599 2332 diversa,
644 2252 778 2313 acsi
819 2251 990 2335 regis
1036 2271 1289 2313 causam
1330 2250 1628 2331 facturos,
1673 2248 1973 2335 disponit.
2037 2251 2071 2314 Ι
2119 2274 2206 2333 se,
2254 2259 2459 2314 castro

231 2345 563 2416 evacuatO,
619 2333 789 2397 solus
849 2356 997 2396 cum
1051 2332 1304 2397 famulis
1364 2333 1759 2419 relinquitur.
1859 2334 1994 2398 Nec
2100 2335 2257 2400 efuit
2313 2357 2459 2398 cum

234 2417 494 2482 cohorte
549 2418 857 2484 tirannus,
958 2418 1090 2498 Qui
1144 2439 1183 2479 a
1238 2417 1566 2503 transfuga
1624 2439 1807 2481 susce
1855 2428 1976 2500 tuS,
2036 2427 2313 2483 castrum
2366 2419 2458 2480 in-

229 2502 521 2586 greditur
562 2513 753 2586 atque
799 2511 1087 2587 occupat.
1173 2501 1582 2587 Intuitusque
1624 2511 1796 2566 trans
1823 2524 2050 2588 ugam:
2118 2505 2456 2583 ‘Putasne',

226 2587 457 2671 inquit,
504 2593 669 2650 ‘tuae
715 2607 904 2649 curae
950 2584 1256 2671 oppidum
1300 2586 1423 2650 hoc
1462 2585 1980 2651 reservandum'?
2051 2585 2454 2674 Captumque

226 2691 388 2733 mox
428 2669 497 2732 in
537 2669 793 2733 vincula
834 2671 1071 2734 conicit
1114 2671 1371 2755 suisque
1409 2671 1603 2735 castri
1644 2670 2001 2734 custodiam
2047 2670 2284 2736 'donat
2369 2671 2456 2734 Et

226 2763 416 2818 nocte
462 2752 588 2818 diei
619 2754 994 2818 succedente
1038 2753 1241 2818 caeli²
1293 2777 1443 2839 pars
1492 2754 1900 2840 prodigiose0
1943 2754 2218 2820 flammis
2252 2778 2457 2822 erum-

224 2838 525 2924 pentibus
568 2839 636 2900 in
681 2839 1105 2923 septentrione
1160 2838 1415 2904 arderef
1467 2839 1606 2903 visa
1659 2848 1774 2903 est.
1878 2841 2024 2919 Qua
2067 2841 2256 2906 etiam
2301 2862 2456 2904 mox

226 2922 635 3008 prosequitur
678 2932 741 2985 et
781 2923 1238 3007 Hungarorum
1279 2945 1394 3007 per
1426 2921 1667 2988 Gallias
1711 2925 2043 3008 repentina
2123 2925 2454 2990 ersecutiO.

230 3007 362 3087 Qui
425 3006 694 3069 nimium
760 3007 1109 3072 saevientes
1128 3018 1185 3087 g,
1265 3007 1617 3092 municipia
1700 3006 1946 3093 aliquot
2015 3009 2074 3072 v‘
2102 3009 2322 3094 lasque
2393 3016 2456 3072 et

228 3111 420 3175 agros
464 3089 833 3175 depopulati
879 3101 1043 3154 sunt.
1131 3088 1442 3155 Basilicas
1488 3113 1744 3177 quoque
1790 3114 1982 3178 quam
2071 3092 2240 3156 lures
2286 3114 2456 3157 com-

228 3175 601 3256 busserunt3
646 3194 722 3236 ac
762 3173 1137 3259 indempnes
1179 3173 1385 3238 redire
1433 3173 1513 3238 ob
1537 3177 1564 3216 ¹¹
1607 3176 1975 3261 principum
2063 3176 2458 3241 issidentiam

228 3258 523 3344 permissi
583 3268 729 3323 sunt
788 3279 934 3320 cum
990 3269 1266 3342 magnaa
1326 3259 1721 3342 captivorum
1783 3258 2206 3324 multitudine.
2313 3259 2455 3323 Rex

228 3342 401 3406 enim
447 3342 663 3426 copias
723 3364 850 3405 non
904 3340 1168 3422 habens,
1226 3343 1643 3427 ignominiam
1701 3341 1988 3430 pertulit.
2018 3352 2098 3424 et,
2155 3351 2374 3428 utpote
2417 3362 2456 3404 a

230 3427 365 3490 suis
410 3425 713 3507 desertuS,
757 3424 1145 3490 sevientibus
1190 3427 1399 3490 cessit.

317 3547 377 3610 8.
446 3543 775 3630 Oppidum
818 3544 1279 3609 Montiniacum
1321 3568 1439 3610 rex
1482 3569 1600 3631 per
1642 3548 1966 3612 cohortem
2013 3547 2372 3632 expugnati

886 3630 1148 3714 eiusque
1191 3629 1574 3714 principemi
1619 3633 1809 3716 capit.

402 3731 649 3811 Quibus
669 3741 694 3777 ³
726 3730 1048 3816 digressis,
1089 3752 1207 3794 rex
1242 3729 1326 3794 ad
1357 3731 1667 3817 oppidum
1694 3734 2156 3799 Montiniacum
2175 3743 2199 3778 ⁴
2237 3733 2454 3798 cohor·

227 3828 361 3882 tem
403 3816 615 3897 mittit,
662 3837 824 3901 quae
880 3815 1036 3879 illud
1095 3825 1364 3898 occupet
1416 3826 1802 3902 captumque
1861 3818 2090 3901 diruat,
2151 3840 2225 3882 eo
2284 3816 2457 3902 quod

354 3961 399 4013 a)
426 3967 527 4012 post
558 3963 657 4004 add.
777 3959 825 4012 b)
857 3961 943 4001 fuit
971 3970 1169 4009 magnae
1203 3962 1225 3999 1
1367 3958 1408 4011 c)
1442 3961 1586 4000 Teod.
1621 3972 1831 4010 ευμεν-εον.
1859 3964 2000 4003 littera
2032 3965 2076 4004 h.
2193 3961 2240 4014 d)
2272 3963 2459 4013 pusilla-

228 4021 359 4060 nimo
395 4024 436 4064 1.
556 4019 599 4072 e)
632 4021 793 4061 ardere
828 4023 867 4070 1,
916 4031 1027 4060 corr.
1064 4020 1103 4060 2.
1222 4017 1259 4070 f)
1292 4019 1466 4059 deletum
1496 4021 1570 4058 sed
1603 4026 1704 4068 post
1734 4023 1987 4062 restitutum.
2125 4021 2170 4075 g)
2205 4023 2261 4061 ob
2293 4023 2460 4072 prinoi-

230 4091 344 4130 pum
378 4081 695 4120 dissidentiam
736 4081 811 4119 hoc
852 4081 941 4119 loco
973 4079 1049 4120 del.
1169 4078 1219 4132 h)
1252 4079 1309 4118 ob
1341 4090 1386 4128 p.
1422 4080 1462 4118 d.
1495 4080 1544 4118 in
1574 4091 1710 4130 marg.
1833 4079 1866 4131 i)
1897 4085 1958 4132 at,
1991 4091 2062 4121 em
2094 4083 2206 4121 absc.

387 4173 443 4242 1)
484 4177 1009 4242 Chateau-Thierty.
1141 4175 1197 4242 2)
1237 4175 1395 4227 Flod.
1436 4177 1560 4226 937.
1673 4175 1732 4242 3)
1773 4174 1924 4226 Flod.
1965 4173 2090 4228 938.
2214 4175 2272 4242 4)
2311 4178 2463 4228 Mon-

230 4249 386 4314 tigny
422 4252 480 4299 in
518 4265 657 4316 pago
699 4251 1081 4302 suessionensi.

2479 2689 2496 2709 *
2513 2705 2562 2745 p.
2595 2693 2699 2737 589.

2482 3752 2582 3794 938.
