3059 4834
482 436 584 478 1146.
770 411 873 475 54.
929 409 1181 473 Interea
1196 417 1223 448 ²
1267 406 1419 473 Otto
1460 429 1580 471 rex
1617 427 1764 470 cum
1791 406 2014 472 Rheno
2064 406 2433 472 transmisso
2477 407 2844 472 exercitum

354 509 473 556 ·101.
493 513 579 555 ειν.
602 516 720 582 per
761 491 1095 577 Belgicam
1139 491 1416 572 duceret,
1473 490 1693 556 obviat
1749 492 1924 576 *regi
1969 489 2329 571 Conrhado,
2389 490 2496 575 qui
2549 499 2705 554 tunc
2747 491 2844 556 ab

601 576 879 664 Alpibus
923 597 958 639 6
1039 597 1237 657 essuS,
1296 595 1444 638 cum
1499 572 1700 638 multa
1749 575 2157 660 expeditione
2197 573 2530 637 Ludovico
2575 595 2844 638 succur-

600 683 741 727 rere
802 597 1218 724 aeoeffzrrabat.
1323 658 1537 722 Iuncti
1594 678 1746 742 ergo
1802 657 2016 739 ambo,
2079 679 2225 721 cum
2281 655 2478 722 multo
2545 658 2846 743 equitatu
3024 643 3035 974 1

598 244 669 293 66
1144 240 1450 292 RIOHERI
1487 239 1988 293 HISTORIARUM
2026 237 2250 291 LIBER
2287 239 2362 292 ΙΙ.
3028 265 3035 636 1

600 743 1075 832 gradiebantur.
1163 742 1455 821 Quorum
1484 763 1814 805 accessum
1840 741 2207 806 Ludovicus
2252 740 2611 822 dinoscens,
2657 741 2842 804 ocius

604 827 897 894 occurrit.
1003 825 1164 889 Tres
1206 827 1425 910 itaque
1479 846 1665 911 reges
1717 825 1786 887 in
1827 847 2027 889 unum
2070 823 2336 906 collecti,
2393 825 2588 909 primi
2633 831 2842 889 certa-

601 913 789 976 minis
858 908 1147 974 laborem
1215 907 1527 972 Lauduno
1598 907 1998 972 inferendum
2069 907 2437 974 decernunt.
2551 907 2641 971 Et
2699 910 2842 972 sine

599 1017 782 1060 mora
821 991 929 1058 illo
975 993 1328 1057 exercitum
1372 991 1629 1056 ducunt.
1737 990 1905 1056 Cum
1947 1015 1982 1056 6
2061 1013 2098 1056 0
2143 1015 2228 1057 ex
2268 991 2538 1057 adverso
2581 993 2841 1056 -montis

601 1079 1010 1145 eminentiam
1053 1074 1341 1140 viderent
1382 1077 1486 1140 eth
1532 1077 1706 1139 omni
1746 1085 1928 1161 parte
1955 1098 2034 1139 ur
2076 1077 2134 1140 is
2173 1075 2364 1140 situm
2405 1097 2487 1140 ex
2533 1074 2841 1157 lorarent,

602 1161 859 1248 cognito
903 1161 1228 1234 incassum
1270 1180 1406 1223 sese
1457 1159 1550 1224 ibi
1604 1167 1992 1242 certaturoS,
2024 1157 2106 1223 ab
2162 1181 2239 1223 ea
2279 1156 2438 1222 urbe
2535 1157 2844 1223 iscedunt

602 1256 667 1313 et
726 1245 961 1310 Remos
1026 1242 1418 1313 adoriuntur.
1522 1241 1658 1306 Ubi
1720 1245 1874 1329 quia
1931 1242 2239 1328 planicies
2311 1241 2842 1308 commoditatem

602 1326 989 1396 exercitibus
1002 1324 1306 1412 parabat,
1352 1324 1602 1391 obsidio
1633 1327 2134 1413 circumquaque
2163 1326 2473 1473 ffisfflssta
2516 1337 2631 1391 est.
2703 1326 2798 1390 Et
2811 1338 2842 1369 ⁰

648 1415 809 1476 rimo
854 1411 1199 1475 certamine
1244 1410 1601 1474 comminus
1643 1419 2002 1494 pugnatum
2059 1419 2171 1475 est.
2390 1431 2514 1496 quo
2570 1408 2699 1474 tela
2756 1431 2840 1474 ac

623 1521 663 1562 a
711 1495 850 1560 ides
892 1503 1027 1558 tam
1069 1494 1264 1558 dense
1292 1490 1676 1574 ferebantur,
1722 1515 1914 1579 quam
1944 1494 2142 1558 densa
2169 1492 2416 1578 grando
2449 1493 2843 1640 quandoqlge

651 1582 666 1596 ⁶
695 1579 923 1643 abitur.
1010 1577 1138 1640 Per
1188 1577 1504 1661 integram
1557 1597 1710 1661 ergo
1769 1577 1940 1640 diem
1997 1577 2312 1641 continuis
2353 1575 2633 1641 motibus
2674 1598 2755 1640 ur
2806 1599 2841 1640 s

599 1664 956 1747 inpugnata
1013 1667 1127 1723 est.
1239 1659 1396 1722 Post
1455 1680 1609 1723 vero
1683 1661 2036 1724 comminus
2101 1661 2373 1746 septies⁸
2437 1660 2844 1742 dimicatum,

602 1756 795 1832 atque
836 1743 960 1807 hoc
1002 1741 1133 1807 fere
1176 1764 1294 1827 per
1334 1740 1469 1806 dies
1513 1764 1650 1806 sex.

771 1829 875 1891 55.
940 1825 1075 1891 Nec
1125 1835 1343 1890 tamen
1357 1827 1385 1867 ‘¹
1444 1827 1616 1890 cives
1671 1825 1943 1890 assiduis
1998 1826 2374 1891 tumultibus
2436 1828 2592 1893 victi
2660 1825 2795 1892 ullo
2815 1839 2843 1870 ‘²

603 1909 796 1976 modo
814 1922 839 1953 ⁰
883 1907 1211 1995 cedebant,
1269 1931 1416 1973 cum
1458 1930 1681 1974 eorum
1733 1909 1948 1996 presul
1990 1910 2185 1995 Hugo
2243 1911 2556 1997 quosdam
2599 1912 2844 1996 princi-

602 2018 778 2082 pum,
823 1995 934 2081 qui
962 1992 1087 2058 sibi
1117 1993 1395 2079 quadam
1425 1995 1804 2078 cognatione
1833 1994 2314 2078 conveniebant,
2350 2004 2533 2058 extra
2561 1993 2797 2058 urbe11‘1
2817 2007 2843 2038 θ

602 2079 911 2144 allocutus
967 2086 1081 2158 est,
1146 2099 1456 2163 quaerens
1513 2077 1599 2142 ab
1658 2079 1750 2142 eis
1802 2079 2133 2161 rationem,
2192 2087 2265 2144 ut
2319 2077 2575 2160 scilicet,
2641 2079 2811 2164 quid
2829 2077 2852 2121 f

602 2161 943 2249 agendum,
990 2159 1145 2246 quid
1186 2159 1541 2243 vitandum,
1601 2159 1727 2225 sibi
1770 2160 2083 2244 dicerent3
2143 2162 2199 2225 si
2240 2159 2600 2248 aliquorum
2641 2162 2847 2226 inter-

604 2247 891 2312 cessione
933 2244 1001 2308 id
1054 2243 1439 2308 medendum
1479 2243 1821 2327 videretur,
1881 2246 1936 2309 si
1993 2267 2154 2332 opus
2196 2245 2359 2309 foret
2400 2243 2721 2331 precibuS,
2786 2247 2844 2310 si

602 2331 793 2395 etiam
834 2350 1091 2413 pugnae
1132 2326 1499 2392 instandum
1542 2337 1726 2393 esset.
1800 2326 1903 2392 Illi
1929 2350 2086 2392 mox
2110 2351 2334 2414 regum
2363 2328 2845 2394 animositatem

600 2412 1125 2494 demonstrantes,
1166 2411 1368 2475 fixum
1410 2413 1480 2475 in
1522 2413 1614 2475 eis
1659 2421 1966 2495 asserunt,
2010 2411 2325 2476 nullorum
2367 2413 2841 2478 interventibus

602 2518 740 2562 sese
798 2515 1230 2576 concessuroS‚
1293 2505 1361 2560 at
1423 2494 1741 2560 obsidioni
1802 2517 2004 2582 usque
2059 2496 2144 2560 ad
2207 2496 2502 2562 effectum
2566 2517 2842 2580 operam

536 2653 539 2656 ‚
600 2579 891 2661 daturos3
936 2579 1111 2663 quod
1152 2579 1250 2641 sia
1291 2577 1517 2642 urbem
1560 2579 1630 2641 vi
1673 2581 1821 2664 capi
1863 2580 2206 2665 contingat,
2249 2581 2376 2665 ipsi
2459 2581 2654 2644 resuli
2685 2601 2842 2644 ocu-

595 2661 693 2726 los
738 2661 1095 2743 effossuros,
1140 2669 1203 2725 et
1229 2659 1352 2724 hoc
1381 2663 1472 2726 ita
1501 2661 1861 2726 ordinatum
1889 2664 2252 2762 fixumque3
2296 2686 2385 2727 un
2432 2687 2467 2728 e
2498 2673 2561 2729 et
2589 2663 2841 2730 accele-

598 2743 890 2826 randum,
932 2753 1004 2808 ut
1045 2742 1410 2828 egrediatur
1436 2766 1713 2831 suosque
1742 2745 1824 2811 ab
1854 2767 2079 2831 regum
2107 2745 2546 2832 mdignatione
2576 2748 2668 2812 eri
2717 2749 2840 2814 iat.

600 2827 723 2890 His
767 2824 981 2912 presul
1024 2827 1297 2909 territuS,
1342 2829 1473 2892 suis
1516 2826 1640 2893 hoc
1683 2838 2055 2894 monstrate.
2141 2831 2228 2896 Et
2271 2830 2531 2896 consilio
2582 2831 2668 2895 ha
2713 2833 2838 2916 ito,

602 2910 775 3057 1116ῑὲ1
796 2908 1145 2974 obsidionis
1188 2919 1411 2976 sexta¹
1458 2931 1605 2975 cum
1649 2913 1780 2976 suis
1824 2914 2165 3000 egreditur.
2264 2915 2523 2981 Portaei
2565 2914 2844 3001 regibus

647 3017 730 3058 an
775 3003 985 3058 untur.

599 3017 643 3081 P
770 3077 871 3141 56.
934 3077 1143 3161 Reges
1207 3099 1361 3143 vero
1423 3077 1764 3143 Artoldum
1826 3089 2249 3164 resumenteS,
2321 3081 2548 3147 urbem
2613 3103 2844 3150 conse-

646 3170 869 3225 uenter
906 3159 1337 3226 introducunt.
1422 3161 1846 3248 Duorumque
1887 3164 2518 3250 metropolitanorum
2559 3166 2841 3251 mediuS,

600 3182 914 3309 {fideriei
977 3243 1339 3329 Maguntini
1409 3267 1487 3311 ac
1552 3247 1842 3312 Rotberti
1905 3247 2316 3314 Treverensis
2329 3299 2346 3332 ,
2407 3249 2489 3315 ab
2555 3250 2648 3314 eis
2713 3272 2844 3336 per

600 3350 828 3392 manus
869 3329 1174 3414 pristinae
1218 3328 1357 3394 sedi
1396 3330 1719 3396 restitutus
1765 3339 1876 3394 est.
1948 3330 2083 3395 Ubi
2125 3333 2318 3397 etiam
2360 3355 2517 3398 mox
2555 3331 2842 3400 Gerber-

601 3433 753 3496 gam
809 3413 1096 3497 reginam
1157 3433 1302 3477 cum
1356 3412 1600 3499 aliquot
1648 3411 1996 3479 illustribus
2049 3415 2376 3481 custodiae
2428 3417 2840 3503 deputantes,

599 3497 622 3558 i
673 3497 729 3559 si
782 3505 911 3560 tres
966 3517 1151 3582 reges
1202 3498 1273 3560 in
1324 3497 1672 3582 Hugonem
1714 3497 1944 3562 ducem
1998 3520 2146 3563 cum
2197 3501 2481 3566 exercitu
2523 3501 2838 3566 feruntur.

652 3577 892 3643 illetum
952 3601 1204 3666 quoque
1254 3581 1321 3644 vi
1376 3582 1730 3667 irrumpere
1784 3582 2056 3648 nitentes
2072 3631 2089 3666 ,
2147 3584 2543 3649 considerato
2604 3586 2839 3670 oppidi

598 3661 1019 3746 firmamentO,
1061 3663 1212 3728 inde
1254 3663 1658 3748 amoliuntur,
1701 3687 1832 3730 non
1872 3675 2090 3731 tamen
2139 3667 2275 3731 sine
2321 3666 2612 3733 suburbii
2656 3689 2839 3733 com-

597 3743 893 3810 bustione
942 3755 1007 3810 et
1062 3745 1421 3833 aliquorum
1476 3770 1666 3832 nece3
1726 3749 1945 3835 sicque
2001 3749 2085 3814 ad
2136 3748 2402 3816 fluvium
2459 3751 2836 3837 Sequanam

599 3829 1007 3894 contendunt.

716 3972 763 4026 a)
784 3980 885 4025 post
914 3975 1015 4018 aad.
1135 3971 1182 4028 b)
1223 3978 1270 4016 et
1300 3984 1360 4015 ex
1392 3977 1435 4016 1.
1571 3973 1613 4027 c)
1645 3977 1706 4017 Et
1734 3977 1786 4018 in
1818 3979 1859 4018 1.
1991 3975 2037 4028 d)
2077 3978 2269 4029 Iamque
2304 3981 2340 4021 1.
2474 3976 2518 4029 e)
2559 3990 2605 4019 u.
2638 3985 2836 4029 praeter

594 4043 781 4072 suorum
814 4033 1146 4075 conscientiam
1178 4033 1277 4074 aad.
1314 4035 1355 4076 1.
1473 4032 1511 4086 f)
1545 4035 1634 4075 sibi
1653 4047 1697 4086 q.
1718 4046 1760 4078 a.
1779 4047 1823 4086 q.
1840 4047 1884 4076 v.
1904 4036 1947 4078 d.
1973 4039 2012 4076 1.
2133 4034 2180 4088 g)
2213 4039 2407 4078 mostrat
2435 4048 2550 4077 corr.
2581 4043 2831 4081 monstrat.

596 4087 646 4144 h)
678 4093 723 4132 d.
755 4103 791 4131 ι.
826 4103 867 4132 ο.
901 4094 942 4135 1.
1061 4089 1097 4142 1)
1124 4092 1177 4134 P.
1211 4103 1395 4143 quoque
1431 4094 1472 4136 1.

2993 4459 3036 4791 1

748 4201 801 4269 1)
832 4213 957 4268 post
995 4203 1201 4256 tertiam
1239 4203 1525 4259 obsidionis
1563 4204 1702 4259 diem
1735 4205 1896 4260 Flod.
