3059 4834
714 285 1020 338 RIOHERI
1055 286 1563 340 HISTORIARUM
1599 287 1823 340 LIBER
1859 288 1935 339 ΙΙ.
2376 291 2447 342 49

331 454 430 518 19.
493 454 821 539 Impetusa
879 452 1264 518 Grislebertia
1318 454 1385 517 in
1441 451 1833 518 Germania⁸
1886 455 2148 540 eiusque
2204 466 2324 519 ac⁸

1089 559 1349 601 suorum
1392 537 1579 602 fusi0.

381 637 471 705 At
501 635 932 704 Gislebertus¹
969 636 1105 702 dux
1134 638 1466 704 dedecoris
1496 640 1790 703 iniuriam
1820 637 2023 705 ultum
2049 640 2141 706 ire
2162 639 2381 706 volens
2394 644 2442 725 *,

208 746 470 790 omnem
499 722 831 808 Belgicam
861 720 1087 787 lustrat
1116 744 1204 808 ‚ac
1252 724 1489 788 tirones
1519 723 1898 788 lectissimos
1926 724 1993 786 in
2021 746 2218 788 unum
2248 726 2442 824 cogit,

206 830 398 873 senes
442 815 688 872 tantum
733 807 1028 870 emeritos
1072 807 1316 892 patriae
1356 804 1668 894 linquens.
1765 807 2095 906 Factoque
2138 817 2441 891 exercitu,

205 891 511 956 Rhenum
554 899 898 955 transmeat
939 912 1016 954 ac
1057 891 1332 976 patriam
1363 890 1685 956 solotenus
1724 889 2037 955 incendiis
2078 893 2442 978 ingentibus

208 984 446 1039 vastat.
543 974 997 1039 Armentorum
1063 975 1255 1039 etiam
1319 975 1770 1061 pecudumque
1842 975 2111 1061 predam
2180 976 2445 1039 nimiam

210 1059 532 1124 exercitus
547 1060 576 1101 b
621 1067 968 1143 congregat
1009 1058 1413 1144 abducitque.
1505 1059 1645 1124 Iam
1689 1078 1845 1122 vero
1902 1057 2141 1122 flumen
2196 1058 2447 1144 ingredi

212 1141 506 1228 parabat,
549 1164 698 1206 cum
713 1145 772 1174 ⁸¹*
820 1142 973 1208 Otto
1017 1143 1370 1207 exercitum
1413 1141 1918 1207 accelerantibus
1951 1142 2227 1207 induxit.
2302 1141 2443 1206 Bel·

209 1227 342 1312 gici
355 1228 443 1259 ***
471 1227 833 1309 renitentes,
856 1247 1004 1290 cum
1019 1225 1360 1290 Germanis
1384 1247 1565 1292 secus
1585 1225 1891 1290 fluvium*
1934 1227 2260 1312 congressi
2300 1236 2447 1290 sunt

210 1321 407 1396 atque
425 1312 478 1353 ††
520 1311 587 1373 in
629 1319 810 1396 parte
839 1319 1108 1397 utraque
1137 1310 1406 1374 nimium
1433 1309 1578 1374 fusi.
1667 1308 1813 1391 Qua
1841 1309 1946 1374 die
1976 1307 2445 1375 Germanorum

212 1395 486 1458 victoria
528 1415 719 1478 aegre
762 1402 1111 1458 sustentata
1151 1404 1264 1477 est,
1324 1404 1425 1459 et⁰
1480 1393 1629 1459 licet
1681 1392 2252 1459 innumerabilibus
2295 1415 2442 1458 suo-

209 1501 356 1542 rum
393 1479 606 1544 stratis
620 1480 721 1559 †††,
758 1486 972 1542 tamen
1007 1478 1249 1542 enituit.
1323 1477 1555 1542 Nam†*
1580 1475 1981 1543 Gislebertus
2015 1477 2152 1544 dux
2182 1499 2443 1542 suorum

208 1562 460 1626 fusione
505 1561 861 1626 exercitum
907 1559 1215 1626 defecisse
1275 1563 1632 1643 advertens,
1690 1560 1848 1646 fuga
1902 1560 2256 1647 periculum
2300 1584 2444 1628 eva·

211 1645 362 1711 dere
405 1645 742 1710 nitebatur.
801 1645 880 1708 In
921 1643 1230 1710 fluentum
1272 1646 1490 1730 itaque
1536 1667 1684 1711 cum
1727 1666 1894 1730 equo
1937 1644 2185 1732 prosilit
2199 1657 2243 1708 ².
2313 1645 2443 1726 Qui

213 1753 362 1794 cum
403 1729 680 1794 fluminis
722 1726 988 1814 pelagus
1035 1738 1291 1794 enatare
1334 1752 1466 1794 non
1506 1739 1743 1815 posset,
1787 1729 1853 1793 vi
1890 1730 2203 1794 undarum
2233 1731 2442 1794 victus

262 1815 444 1879 eriitd
507 1824 700 1899 atque
765 1835 1078 1878 sessorem
1141 1814 1444 1878 inmersit.
1555 1811 1993 1898 *Belgicorum
2012 1815 2066 1857 *†
2124 1834 2276 1878 vero
2333 1811 2442 1876 alii

261 1899 408 1962 uvio
452 1897 698 1962 enecati
710 1909 754 1978 e,
799 1896 910 1960 alii
950 1896 1116 1961 ferro
1161 1899 1347 1979 caesi,
1390 1895 1498 1960 alii
1544 1917 1619 1960 ca
1669 1897 1735 1977 ti,
1779 1895 2060 1960 nonnulli
2104 1918 2257 1962 vero
2296 1918 2442 1982 pro·

213 1982 391 2066 fugio
447 1981 686 2068 ereptif
739 1988 902 2044 sunt.
1001 1979 1370 2045 Ludovicus
1427 2002 1546 2044 rex
1664 1979 2033 2044 islebertum
2088 1980 2444 2044 extinctum

216 2067 634 2152 comperienS,
688 2063 952 2128 multam
997 2063 1064 2126 in
1107 2063 1243 2127 eius
1305 2085 1460 2126 casu
1517 2063 2136 2127 commiserationem
2194 2060 2439 2127 habuit.

213 2149 428 2236 Atque
457 2151 523 2212 in
544 2147 878 2232 Belgicam
906 2146 1247 2232 profectuS,
1278 2147 1412 2210 eius
1442 2168 1712 2210 uxorem
1739 2144 2155 2231 Gerbergam,
2189 2145 2445 2211 Ottonis

212 2255 518 2313 sororem,
586 2231 882 2316 coniugio
928 2230 1116 2294 duxit
1157 2250 1427 2315 eamque
1471 2251 1688 2294 secum
1732 2230 2019 2314 reginam
2065 2230 2131 2292 in
2175 2251 2445 2314 regnum

215 2317 546 2381 coronavit
561 2325 606 2379 ³.

385 2437 485 2500 20.
529 2432 911 2500 Wilelmus&
955 2433 1092 2497 dux
1154 2435 1526 2580 diratarumss
1568 2434 1704 2519 regi
1748 2441 2013 2497 contra&
2058 2453 2277 2498 omnes

1198 2539 1299 2583 em
1340 2518 1566 2582 iurata.

380 2620 560 2684 Dum
618 2619 776 2684 haec
833 2618 1128 2685 Lauduni
1184 2629 1574 2707 gererentur,
1641 2616 1977 2684 Wilelmus
2041 2617 2395 2702 piratarum
2411 2629 2438 2666 ⁴

213 2704 351 2770 dux
390 2702 636 2789 legatos
679 2703 815 2789 regi
860 2703 1092 2788 dirigit,
1154 2705 1264 2791 qui
1321 2725 1459 2768 sese
1519 2702 1671 2768 satis
1724 2703 1783 2767 ei
1826 2700 2081 2766 fidelem
2124 2701 2439 2767 indicent:

215 2810 342 2876 quo
397 2809 515 2853 rex
570 2787 804 2869 iubeat,
870 2810 1008 2854 sese
1073 2808 1486 2852 occursurum
1552 2785 1873 2873 fidemque
1938 2795 2159 2851 contra
2224 2808 2442 2852 omnes

363 2969 410 3037 *)
449 2971 527 3020 ire
565 2969 843 3032 festinans,
884 2969 1111 3021 collecto
1151 2970 1404 3031 exercitu,
1443 2974 1567 3036 post
1602 2967 1811 3032 hostem
1850 2967 2123 3019 accelerat
2159 2968 2447 3023 transiens-

456 3057 558 3110 que
595 3043 839 3094 Rhenum
878 3048 1070 3093 terram
1107 3043 1257 3093 illam
1293 3042 1567 3093 solotenus
1606 3039 1739 3092 Ekk.

340 3114 413 3182 **)
451 3117 730 3182 parabant,
759 3122 813 3167 et
840 3131 968 3166 ecce
997 3117 1122 3167 Otto
1151 3132 1218 3166 ex
1242 3121 1357 3166 tota
1384 3115 1619 3166 Saxonia
1647 3113 1902 3166 collectas
1932 3115 2115 3181 copias
2144 3130 2193 3165 a.
2220 3114 2255 3164 i.
2308 3111 2446 3164 Ekk.

315 3187 415 3255 **’)
454 3189 659 3254 Belgae
698 3190 881 3255 itaque
921 3203 1040 3238 cum
1082 3188 1219 3240 duce
1259 3205 1354 3240 suo
1394 3187 1758 3238 indubitanter
1794 3189 2085 3239 renitentes
2123 3185 2259 3238 Ekk.

363 3261 412 3328 †)
451 3264 648 3314 flumen
685 3263 854 3328 signis
890 3261 1098 3313 infestis
1135 3261 1273 3312 Ekk.

339 3332 416 3401 ἢ)
457 3342 511 3387 et
542 3351 609 3386 ex
644 3341 863 3402 utraque
901 3339 1050 3400 parte
1090 3335 1242 3385 multi
1278 3333 1585 3386 funduntur.
1658 3331 1795 3382 Ekk.

313 3407 419 3474 Μ)
459 3414 540 3460 est
579 3435 648 3446 -
688 3409 867 3459 stratis
904 3407 1093 3458 desunt
1129 3407 1265 3458 Eklo.

337 3479 413 3550 μ)
451 3482 587 3532 Nam
628 3497 748 3532 cum
789 3482 927 3532 duae
965 3480 1166 3530 terciae
1206 3495 1386 3531 eorum
1424 3477 1574 3528 fusae
1613 3477 1853 3527 iacerent
1879 3480 1932 3526 et
1960 3473 2291 3526 Giselbertus
2324 3489 2448 3525 suos

454 3555 716 3605 defecisse
755 3552 911 3613 adeo,
961 3553 1298 3604 adversarios
1352 3556 1527 3602 autem
1565 3549 1750 3601 illesos
1788 3548 2147 3610 arbitraretur,
2196 3547 2253 3598 in
2300 3551 2451 3598 tanta

458 3628 768 3679 confusione
804 3642 979 3678 rerum
1017 3625 1148 3692 fuga
1185 3625 1320 3676 Ekk.

342 3697 414 3765 *ἢ
453 3702 525 3752 At
563 3699 769 3766 Belgae
805 3700 1074 3751 interitum
1116 3697 1267 3750 ducis
1305 3697 1635 3760 ignorantes,
1682 3695 1809 3746 totis
1844 3693 2047 3746 viribus
2085 3693 2451 3757 decertabant,

457 3779 714 3840 tantoque
739 3779 963 3840 egerunt
999 3772 1206 3835 robore,
1248 3769 1421 3822 donec
1448 3774 1571 3835 post
1598 3767 1954 3820 execrabilem
1980 3766 2447 3820 innumerabilem-

459 3863 562 3914 que
601 3848 888 3910 interitum,
929 3861 1111 3897 eorum
1151 3845 1242 3912 qui
1278 3843 1456 3894 relicti
1491 3842 1703 3893 fuerant
1741 3840 1838 3891 alii
1875 3846 2209 3908 caperentur,
2262 3838 2357 3890 alii
2392 3840 2449 3890 in

458 3921 677 3972 fluvium
717 3921 1167 3987 demergerentur.
1242 3918 1308 3969 L.
1345 3923 1524 3968 autem
1561 3929 1658 3966 rex
1697 3913 1830 3966 Ekk.

338 4029 385 4082 a)
417 4030 503 4082 Im,
547 4030 622 4082 be,
667 4040 727 4081 m,
768 4040 798 4069 a
826 4029 942 4070 abac.
1087 4026 1135 4080 b)
1161 4032 1263 4078 poet
1293 4026 1393 4067 aad.
1546 4022 1589 4077 c)
1622 4027 1668 4065 et
1708 4027 1864 4063 tamen
1896 4024 1936 4065 1.
2088 4019 2135 4074 d)
2166 4021 2381 4062 occubuit
2409 4023 2453 4062 1.

213 4087 268 4142 e)
301 4090 452 4131 enecti
483 4091 524 4128 1.
643 4088 681 4140 f)
715 4088 917 4139 exempti
949 4087 990 4128 1.
1109 4083 1156 4136 g)
1190 4096 1309 4139 mun,
1340 4089 1402 4138 ta,
1431 4087 1551 4137 ntra,
1582 4084 1704 4123 iurat
1734 4083 1848 4124 abac.

373 4184 429 4250 1)
465 4185 621 4236 Haec
656 4184 934 4238 Richerus.
1073 4181 1130 4246 2)
1169 4183 1252 4234 Ex
1289 4180 1449 4233 Flod.
1588 4176 1649 4246 3)
1690 4178 1773 4230 Of.
1813 4176 2021 4230 Artoldi
2073 4176 2247 4242 epist„
2293 4174 2452 4227 Flod.

219 4257 366 4310 nist.
403 4259 558 4312 Rem.
597 4258 693 4324 IV,
733 4257 823 4309 35.
984 4253 1045 4322 4)
1084 4256 1121 4308 ἱ.
1148 4272 1197 4308 e.
1235 4254 1694 4308 Nordmannorum
1731 4251 2206 4305 Rhodomensium.

1942 4337 1986 4398 4

2464 472 2565 517 98⁹.

2460 1816 2577 1862 ‘soh
2612 1821 2683 1862 18.

2470 2634 2573 2680 940.
