<?xml version="1.0" encoding="UTF-8"?>
<!DOCTYPE html PUBLIC "-//W3C//DTD XHTML 1.0 Transitional//EN"
    "http://www.w3.org/TR/xhtml1/DTD/xhtml1-transitional.dtd">
<html xmlns="http://www.w3.org/1999/xhtml" xml:lang="en" lang="en">
 <head>
  <title>
</title>
<meta http-equiv="Content-Type" content="text/html;charset=utf-8" />
  <meta name='ocr-system' content='tesseract 3.04.00' />
  <meta name='ocr-capabilities' content='ocr_page ocr_carea ocr_par ocr_line ocrx_word'/>
</head>
<body>
  <div class='ocr_page' id='page_1' title='image "./richerihistoria00unkngoog_0187.png"; bbox 0 0 3059 4834; ppageno 0'>
   <div class='ocr_carea' id='block_1_1' title="bbox 392 426 631 597">
    <p class='ocr_par' dir='ltr' id='par_1_1' title="bbox 392 426 631 597">
     <span class='ocr_line' id='line_1_1' title="bbox 518 426 629 467; baseline -0.009 0"><span class='ocrx_word' id='word_1_1' title='bbox 518 426 629 467; x_wconf 75' lang='lat'><strong>¹992.</strong></span> 
     </span>
     <span class='ocr_line' id='line_1_2' title="bbox 521 485 631 525; baseline 0 0"><span class='ocrx_word' id='word_1_2' title='bbox 521 485 631 525; x_wconf 76' lang='lat' dir='ltr'><strong>Mai.</strong></span> 
     </span>
     <span class='ocr_line' id='line_1_3' title="bbox 392 545 631 597; baseline 0.008 -13"><span class='ocrx_word' id='word_1_3' title='bbox 392 545 483 586; x_wconf 75' lang='lat' dir='ltr'><strong>Tit.</strong></span> <span class='ocrx_word' id='word_1_4' title='bbox 501 545 544 597; x_wconf 79' lang='lat'><strong>3,</strong></span> <span class='ocrx_word' id='word_1_5' title='bbox 563 545 631 586; x_wconf 86' lang='lat'><strong>10.</strong></span> 
     </span>
    </p>
   </div>
   <div class='ocr_carea' id='block_1_2' title="bbox 528 1161 629 1204">
    <p class='ocr_par' dir='ltr' id='par_1_2' title="bbox 528 1161 629 1204">
     <span class='ocr_line' id='line_1_4' title="bbox 528 1161 629 1204; baseline 0.01 -1"><span class='ocrx_word' id='word_1_6' title='bbox 528 1161 629 1204; x_wconf 79' lang='lat'><strong>994.</strong></span> 
     </span>
    </p>
   </div>
   <div class='ocr_carea' id='block_1_3' title="bbox 417 2083 629 2138">
    <p class='ocr_par' dir='ltr' id='par_1_3' title="bbox 417 2083 629 2138">
     <span class='ocr_line' id='line_1_5' title="bbox 417 2083 629 2138; baseline -0.019 -8"><span class='ocrx_word' id='word_1_7' title='bbox 417 2083 433 2104; x_wconf 76' lang='lat'><strong><em>‘</em></strong></span> <span class='ocrx_word' id='word_1_8' title='bbox 449 2099 492 2138; x_wconf 85' lang='lat' dir='ltr'><strong>p.</strong></span> <span class='ocrx_word' id='word_1_9' title='bbox 525 2085 629 2128; x_wconf 81' lang='lat'><strong>652.</strong></span> 
     </span>
    </p>
   </div>
   <div class='ocr_carea' id='block_1_4' title="bbox 656 241 2402 296">
    <p class='ocr_par' dir='ltr' id='par_1_4' title="bbox 656 241 2402 296">
     <span class='ocr_line' id='line_1_6' title="bbox 656 241 2402 296; baseline 0.002 -5"><span class='ocrx_word' id='word_1_10' title='bbox 656 244 759 292; x_wconf 82' lang='lat'><strong>170</strong></span> <span class='ocrx_word' id='word_1_11' title='bbox 1122 241 1431 294; x_wconf 78' lang='lat' dir='ltr'><strong>RIOHERI</strong></span> <span class='ocrx_word' id='word_1_12' title='bbox 1466 243 1969 296; x_wconf 81' lang='lat' dir='ltr'><strong>HISTORIARUM</strong></span> <span class='ocrx_word' id='word_1_13' title='bbox 2007 243 2230 294; x_wconf 83' lang='lat' dir='ltr'>LIBER</span> <span class='ocrx_word' id='word_1_14' title='bbox 2266 243 2402 294; x_wconf 89' lang='lat'>1111.</span> 
     </span>
    </p>
   </div>
   <div class='ocr_carea' id='block_1_5' title="bbox 650 409 2872 893">
    <p class='ocr_par' dir='ltr' id='par_1_5' title="bbox 650 409 2872 893">
     <span class='ocr_line' id='line_1_7' title="bbox 653 409 2872 496; baseline 0.002 -24"><span class='ocrx_word' id='word_1_15' title='bbox 653 419 871 473; x_wconf 87' lang='lat' dir='ltr'><strong>eontra</strong></span> <span class='ocrx_word' id='word_1_16' title='bbox 912 417 1167 493; x_wconf 88' lang='lat' dir='ltr'><strong>patrum</strong></span> <span class='ocrx_word' id='word_1_17' title='bbox 1210 409 1467 472; x_wconf 86' lang='lat' dir='ltr'><strong>decreta</strong></span> <span class='ocrx_word' id='word_1_18' title='bbox 1508 431 1630 494; x_wconf 77' lang='lat' dir='ltr'><strong>sug</strong></span> <span class='ocrx_word' id='word_1_19' title='bbox 1675 419 1970 492; x_wconf 87' lang='lat' dir='ltr'><strong>ereretur,</strong></span> <span class='ocrx_word' id='word_1_20' title='bbox 2017 431 2269 474; x_wconf 89' lang='lat' dir='ltr'><strong>cassum</strong></span> <span class='ocrx_word' id='word_1_21' title='bbox 2309 421 2372 475; x_wconf 87' lang='lat' dir='ltr'><strong>et</strong></span> <span class='ocrx_word' id='word_1_22' title='bbox 2413 413 2664 475; x_wconf 89' lang='lat' dir='ltr'><strong>irritum</strong></span> <span class='ocrx_word' id='word_1_23' title='bbox 2707 411 2872 496; x_wconf 88' lang='lat' dir='ltr'><strong>fieri,</strong></span> 
     </span>
     <span class='ocr_line' id='line_1_8' title="bbox 650 491 2872 590; baseline 0.002 -34"><span class='ocrx_word' id='word_1_24' title='bbox 650 494 831 556; x_wconf 86' lang='lat' dir='ltr'><strong>iuxta</strong></span> <span class='ocrx_word' id='word_1_25' title='bbox 875 491 1048 590; x_wconf 85' lang='lat' dir='ltr'><strong>quod</strong></span> <span class='ocrx_word' id='word_1_26' title='bbox 1089 491 1412 577; x_wconf 89' lang='lat' dir='ltr'><strong>apostolus</strong></span> <span class='ocrx_word' id='word_1_27' title='bbox 1440 493 1558 557; x_wconf 91' lang='lat' dir='ltr'><strong>ait:</strong></span> <span class='ocrx_word' id='word_1_28' title='bbox 1631 502 1646 531; x_wconf 87' lang='lat'>‘</span> <span class='ocrx_word' id='word_1_29' title='bbox 1717 495 2018 557; x_wconf 81' lang='lat' dir='ltr'><strong>ereticum</strong></span> <span class='ocrx_word' id='word_1_30' title='bbox 2045 493 2365 558; x_wconf 88' lang='lat' dir='ltr'><strong>hominem</strong></span> <span class='ocrx_word' id='word_1_31' title='bbox 2393 505 2457 561; x_wconf 85' lang='lat' dir='ltr'><strong>et</strong></span> <span class='ocrx_word' id='word_1_32' title='bbox 2483 494 2568 558; x_wconf 91' lang='lat' dir='ltr'><strong>ab</strong></span> <span class='ocrx_word' id='word_1_33' title='bbox 2597 495 2872 561; x_wconf 90' lang='lat' dir='ltr'><strong>ecclesia</strong></span> 
     </span>
     <span class='ocr_line' id='line_1_9' title="bbox 650 577 2868 661; baseline 0.001 -20"><span class='ocrx_word' id='word_1_34' title='bbox 650 578 1122 641; x_wconf 79' lang='lat' dir='ltr'><strong>dissentientem</strong></span> <span class='ocrx_word' id='word_1_35' title='bbox 1207 579 1458 661; x_wconf 88' lang='lat' dir='ltr'><strong>penitus</strong></span> <span class='ocrx_word' id='word_1_36' title='bbox 1530 577 1780 641; x_wconf 86' lang='lat' dir='ltr'><strong>devita&#39;.</strong></span> <span class='ocrx_word' id='word_1_37' title='bbox 1914 577 2050 642; x_wconf 88' lang='lat' dir='ltr'><strong>Nec</strong></span> <span class='ocrx_word' id='word_1_38' title='bbox 2117 579 2328 641; x_wconf 87' lang='lat' dir='ltr'><strong>minus</strong></span> <span class='ocrx_word' id='word_1_39' title='bbox 2396 579 2868 645; x_wconf 81' lang='lat' dir='ltr'><strong>abdicationem</strong></span> 
     </span>
     <span class='ocr_line' id='line_1_10' title="bbox 650 659 2864 746; baseline 0.002 -22"><span class='ocrx_word' id='word_1_40' title='bbox 650 659 898 724; x_wconf 87' lang='lat' dir='ltr'><strong>Arnulfi</strong></span> <span class='ocrx_word' id='word_1_41' title='bbox 939 670 1001 724; x_wconf 91' lang='lat' dir='ltr'><strong>et</strong></span> <span class='ocrx_word' id='word_1_42' title='bbox 1042 662 1506 744; x_wconf 87' lang='lat' dir='ltr'>promotionem</span> <span class='ocrx_word' id='word_1_43' title='bbox 1549 659 1871 741; x_wconf 79' lang='lat' dir='ltr'><strong>Gerberti,</strong></span> <span class='ocrx_word' id='word_1_44' title='bbox 1913 672 2102 746; x_wconf 87' lang='lat' dir='ltr'><strong>prout</strong></span> <span class='ocrx_word' id='word_1_45' title='bbox 2155 663 2237 726; x_wconf 90' lang='lat' dir='ltr'><strong>ab</strong></span> <span class='ocrx_word' id='word_1_46' title='bbox 2281 662 2373 726; x_wconf 90' lang='lat' dir='ltr'><strong>eis</strong></span> <span class='ocrx_word' id='word_1_47' title='bbox 2417 662 2737 728; x_wconf 79' lang='lat' dir='ltr'>ordinatae</span> <span class='ocrx_word' id='word_1_48' title='bbox 2794 675 2864 728; x_wconf 90' lang='lat' dir='ltr'><strong>et</strong></span> 
     </span>
     <span class='ocr_line' id='line_1_11' title="bbox 650 743 2861 893; baseline 0.002 -85"><span class='ocrx_word' id='word_1_49' title='bbox 650 754 943 831; x_wconf 84' lang='lat' dir='ltr'><strong>peractae</strong></span> <span class='ocrx_word' id='word_1_50' title='bbox 985 754 1212 825; x_wconf 83' lang='lat' dir='ltr'><strong>essent,</strong></span> <span class='ocrx_word' id='word_1_51' title='bbox 1253 754 1566 830; x_wconf 89' lang='lat' dir='ltr'><strong>perpetuo</strong></span> <span class='ocrx_word' id='word_1_52' title='bbox 1582 743 1836 893; x_wconf 50' lang='lat' dir='ltr'><strong>§lacuit</strong></span> <span class='ocrx_word' id='word_1_53' title='bbox 1863 747 2114 826; x_wconf 88' lang='lat' dir='ltr'><strong>sanciri,</strong></span> <span class='ocrx_word' id='word_1_54' title='bbox 2155 747 2338 809; x_wconf 87' lang='lat' dir='ltr'><strong>iuxta</strong></span> <span class='ocrx_word' id='word_1_55' title='bbox 2370 746 2542 831; x_wconf 89' lang='lat' dir='ltr'><strong>quod</strong></span> <span class='ocrx_word' id='word_1_56' title='bbox 2584 749 2652 810; x_wconf 89' lang='lat' dir='ltr'><strong>in</strong></span> <span class='ocrx_word' id='word_1_57' title='bbox 2681 769 2861 812; x_wconf 83' lang='lat' dir='ltr'><strong>cano-</strong></span> 
     </span>
    </p>
   </div>
   <div class='ocr_carea' id='block_1_6' title="bbox 650 826 2864 977">
    <p class='ocr_par' dir='ltr' id='par_1_6' title="bbox 650 826 2864 977">
     <span class='ocr_line' id='line_1_12' title="bbox 650 826 2864 913; baseline 0.002 -22"><span class='ocrx_word' id='word_1_58' title='bbox 650 828 836 894; x_wconf 81' lang='lat' dir='ltr'><strong>nibus</strong></span> <span class='ocrx_word' id='word_1_59' title='bbox 866 829 1174 912; x_wconf 87' lang='lat' dir='ltr'><strong>scriptum</strong></span> <span class='ocrx_word' id='word_1_60' title='bbox 1202 826 1499 892; x_wconf 87' lang='lat' dir='ltr'><strong>habetur:</strong></span> <span class='ocrx_word' id='word_1_61' title='bbox 1559 835 1575 868; x_wconf 89' lang='lat'>‘</span> <span class='ocrx_word' id='word_1_62' title='bbox 1629 829 1820 892; x_wconf 91' lang='lat' dir='ltr'><strong>inodo</strong></span> <span class='ocrx_word' id='word_1_63' title='bbox 1848 828 2223 913; x_wconf 85' lang='lat' dir='ltr'><strong>provinciali</strong></span> <span class='ocrx_word' id='word_1_64' title='bbox 2261 839 2567 894; x_wconf 85' lang='lat' dir='ltr'><strong>statutum</strong></span> <span class='ocrx_word' id='word_1_65' title='bbox 2609 853 2650 894; x_wconf 89' lang='lat' dir='ltr'><strong>a</strong></span> <span class='ocrx_word' id='word_1_66' title='bbox 2692 831 2864 896; x_wconf 88' lang='lat' dir='ltr'><strong>nullo</strong></span> 
     </span>
     <span class='ocr_line' id='line_1_13' title="bbox 652 911 1470 977; baseline -0.002 -1"><span class='ocrx_word' id='word_1_67' title='bbox 652 923 885 977; x_wconf 91' lang='lat' dir='ltr'><strong>temere</strong></span> <span class='ocrx_word' id='word_1_68' title='bbox 926 911 1470 976; x_wconf 88' lang='lat' dir='ltr'><strong>labefactandum&#39;.</strong></span> 
     </span>
    </p>
   </div>
   <div class='ocr_carea' id='block_1_7' title="bbox 929 1017 2590 1117">
    <p class='ocr_par' dir='ltr' id='par_1_7' title="bbox 929 1017 2590 1117">
     <span class='ocr_line' id='line_1_14' title="bbox 929 1017 2590 1117; baseline 0.001 -21"><span class='ocrx_word' id='word_1_69' title='bbox 929 1032 1030 1096; x_wconf 81' lang='lat'><strong>90.</strong></span> <span class='ocrx_word' id='word_1_70' title='bbox 1114 1032 1435 1117; x_wconf 78' lang='lat' dir='ltr'><strong>Impetusa</strong></span> <span class='ocrx_word' id='word_1_71' title='bbox 1481 1031 1725 1096; x_wconf 89' lang='lat' dir='ltr'><strong>Odonis</strong></span> <span class='ocrx_word' id='word_1_72' title='bbox 1769 1043 1832 1097; x_wconf 92' lang='lat' dir='ltr'><strong>et</strong></span> <span class='ocrx_word' id='word_1_73' title='bbox 1871 1031 2170 1096; x_wconf 86' lang='lat' dir='ltr'><strong>Fulconis</strong></span> <span class='ocrx_word' id='word_1_74' title='bbox 2214 1017 2420 1096; x_wconf 68' lang='lat' dir='ltr'><strong>inter-⁸</strong></span> <span class='ocrx_word' id='word_1_75' title='bbox 2463 1055 2528 1097; x_wconf 91' lang='lat' dir='ltr'><strong>se</strong></span> <span class='ocrx_word' id='word_1_76' title='bbox 2545 1043 2590 1097; x_wconf 56' lang='grc' dir='ltr'><strong>ἃ.</strong></span> 
     </span>
    </p>
   </div>
   <div class='ocr_carea' id='block_1_8' title="bbox 645 1132 2872 3313">
    <p class='ocr_par' dir='ltr' id='par_1_8' title="bbox 645 1132 2872 2140">
     <span class='ocr_line' id='line_1_15' title="bbox 815 1132 2869 1219; baseline 0.002 -24"><span class='ocrx_word' id='word_1_77' title='bbox 815 1133 959 1196; x_wconf 90' lang='lat' dir='ltr'><strong>Hac</strong></span> <span class='ocrx_word' id='word_1_78' title='bbox 1004 1144 1375 1219; x_wconf 82' lang='lat' dir='ltr'><strong>tempestate</strong></span> <span class='ocrx_word' id='word_1_79' title='bbox 1418 1132 1584 1198; x_wconf 89' lang='lat' dir='ltr'><strong>bella</strong></span> <span class='ocrx_word' id='word_1_80' title='bbox 1626 1133 1838 1198; x_wconf 86' lang='lat' dir='ltr'><strong>civilia</strong></span> <span class='ocrx_word' id='word_1_81' title='bbox 1879 1144 2173 1219; x_wconf 89' lang='lat' dir='ltr'><strong>reparata</strong></span> <span class='ocrx_word' id='word_1_82' title='bbox 2215 1142 2379 1198; x_wconf 90' lang='lat' dir='ltr'><strong>sunt.</strong></span> <span class='ocrx_word' id='word_1_83' title='bbox 2480 1133 2645 1199; x_wconf 82' lang='lat' dir='ltr'><strong>Cum</strong></span> <span class='ocrx_word' id='word_1_84' title='bbox 2696 1136 2869 1199; x_wconf 90' lang='lat' dir='ltr'><strong>enim</strong></span> 
     </span>
     <span class='ocr_line' id='line_1_16' title="bbox 651 1216 2870 1304; baseline 0.001 -23"><span class='ocrx_word' id='word_1_85' title='bbox 651 1218 1040 1282; x_wconf 83' lang='lat' dir='ltr'>tirannorum</span> <span class='ocrx_word' id='word_1_86' title='bbox 1081 1218 1326 1281; x_wconf 87' lang='lat' dir='ltr'><strong>insidiis</strong></span> <span class='ocrx_word' id='word_1_87' title='bbox 1372 1216 1617 1281; x_wconf 89' lang='lat' dir='ltr'><strong>Odonis</strong></span> <span class='ocrx_word' id='word_1_88' title='bbox 1662 1227 1726 1282; x_wconf 92' lang='lat' dir='ltr'><strong>et</strong></span> <span class='ocrx_word' id='word_1_89' title='bbox 1765 1217 2066 1282; x_wconf 85' lang='lat' dir='ltr'><strong>Fulconis</strong></span> <span class='ocrx_word' id='word_1_90' title='bbox 2125 1218 2202 1281; x_wconf 89' lang='lat' dir='ltr'><strong>de</strong></span> <span class='ocrx_word' id='word_1_91' title='bbox 2246 1218 2638 1283; x_wconf 81' lang='lat' dir='ltr'><strong>Brittanniae</strong></span> <span class='ocrx_word' id='word_1_92' title='bbox 2695 1220 2870 1304; x_wconf 90' lang='lat' dir='ltr'><strong>prin-</strong></span> 
     </span>
     <span class='ocr_line' id='line_1_17' title="bbox 650 1300 2871 1388; baseline 0.001 -24"><span class='ocrx_word' id='word_1_93' title='bbox 650 1303 865 1386; x_wconf 89' lang='lat' dir='ltr'><strong>cipatu</strong></span> <span class='ocrx_word' id='word_1_94' title='bbox 884 1303 1027 1365; x_wconf 88' lang='lat' dir='ltr'><strong>rixa</strong></span> <span class='ocrx_word' id='word_1_95' title='bbox 1046 1323 1227 1367; x_wconf 90' lang='lat' dir='ltr'><strong>resur</strong></span> <span class='ocrx_word' id='word_1_96' title='bbox 1274 1312 1423 1384; x_wconf 89' lang='lat' dir='ltr'><strong>eret,</strong></span> <span class='ocrx_word' id='word_1_97' title='bbox 1445 1300 1567 1364; x_wconf 90' lang='lat' dir='ltr'><strong>illis</strong></span> <span class='ocrx_word' id='word_1_98' title='bbox 1591 1301 2042 1366; x_wconf 85' lang='lat' dir='ltr'><strong>dissidentibus</strong></span> <span class='ocrx_word' id='word_1_99' title='bbox 2063 1300 2291 1387; x_wconf 84' lang='lat' dir='ltr'><strong>reliqui</strong></span> <span class='ocrx_word' id='word_1_100' title='bbox 2313 1302 2501 1365; x_wconf 87' lang='lat' dir='ltr'><strong>etiam</strong></span> <span class='ocrx_word' id='word_1_101' title='bbox 2521 1323 2871 1388; x_wconf 87' lang='lat' dir='ltr'><strong>regnorum</strong></span> 
     </span>
     <span class='ocr_line' id='line_1_18' title="bbox 649 1324 2869 1472; baseline 0.001 -23"><span class='ocrx_word' id='word_1_102' title='bbox 649 1387 972 1472; x_wconf 81' lang='lat' dir='ltr'><strong>principes</strong></span> <span class='ocrx_word' id='word_1_103' title='bbox 1015 1387 1172 1450; x_wconf 82' lang='lat' dir='ltr'><strong>moti</strong></span> <span class='ocrx_word' id='word_1_104' title='bbox 1213 1324 1583 1450; x_wconf 71' lang='lat' dir='ltr'><strong>dgissensere.</strong></span> <span class='ocrx_word' id='word_1_105' title='bbox 1654 1385 1798 1450; x_wconf 85' lang='lat' dir='ltr'><strong>Rex</strong></span> <span class='ocrx_word' id='word_1_106' title='bbox 1826 1384 2126 1450; x_wconf 86' lang='lat' dir='ltr'><strong>Fulconis</strong></span> <span class='ocrx_word' id='word_1_107' title='bbox 2200 1395 2367 1450; x_wconf 87' lang='lat' dir='ltr'><strong>artes</strong></span> <span class='ocrx_word' id='word_1_108' title='bbox 2405 1387 2670 1468; x_wconf 87' lang='lat' dir='ltr'><strong>tutabat,</strong></span> <span class='ocrx_word' id='word_1_109' title='bbox 2719 1386 2869 1452; x_wconf 90' lang='lat' dir='ltr'><strong>Odo</strong></span> 
     </span>
     <span class='ocr_line' id='line_1_19' title="bbox 650 1469 2870 1568; baseline 0 -35"><span class='ocrx_word' id='word_1_110' title='bbox 650 1491 909 1534; x_wconf 90' lang='lat' dir='ltr'><strong>suorum</strong></span> <span class='ocrx_word' id='word_1_111' title='bbox 953 1491 1201 1534; x_wconf 85' lang='lat' dir='ltr'>necnon</span> <span class='ocrx_word' id='word_1_112' title='bbox 1245 1481 1307 1534; x_wconf 90' lang='lat' dir='ltr'><strong>et</strong></span> <span class='ocrx_word' id='word_1_113' title='bbox 1348 1472 1729 1554; x_wconf 86' lang='lat' dir='ltr'><strong>piratarum,</strong></span> <span class='ocrx_word' id='word_1_114' title='bbox 1773 1471 1886 1568; x_wconf 81' lang='lat' dir='ltr'><strong>qui</strong></span> <span class='ocrx_word' id='word_1_115' title='bbox 1925 1491 2076 1554; x_wconf 88' lang='lat' dir='ltr'><strong>rege</strong></span> <span class='ocrx_word' id='word_1_116' title='bbox 2179 1479 2383 1533; x_wconf 88' lang='lat' dir='ltr'><strong>eserto</strong></span> <span class='ocrx_word' id='word_1_117' title='bbox 2425 1469 2509 1532; x_wconf 89' lang='lat' dir='ltr'><strong>ad</strong></span> <span class='ocrx_word' id='word_1_118' title='bbox 2553 1493 2622 1534; x_wconf 90' lang='lat' dir='ltr'><strong>se</strong></span> <span class='ocrx_word' id='word_1_119' title='bbox 2665 1481 2870 1534; x_wconf 88' lang='lat' dir='ltr'><strong>trans-</strong></span> 
     </span>
     <span class='ocr_line' id='line_1_20' title="bbox 648 1552 2870 1650; baseline 0.001 -34"><span class='ocrx_word' id='word_1_120' title='bbox 648 1555 880 1634; x_wconf 88' lang='lat' dir='ltr'><strong>ierant,</strong></span> <span class='ocrx_word' id='word_1_121' title='bbox 965 1554 1021 1615; x_wconf 90' lang='lat' dir='ltr'>A</span> <span class='ocrx_word' id='word_1_122' title='bbox 1073 1555 1555 1637; x_wconf 80' lang='lat' dir='ltr'><strong>uitanorumque</strong></span> <span class='ocrx_word' id='word_1_123' title='bbox 1641 1555 1842 1650; x_wconf 78' lang='lat' dir='ltr'><strong>copiis</strong></span> <span class='ocrx_word' id='word_1_124' title='bbox 1920 1552 2115 1616; x_wconf 83' lang='lat' dir='ltr'><strong>fretus</strong></span> <span class='ocrx_word' id='word_1_125' title='bbox 2193 1552 2549 1618; x_wconf 84' lang='lat' dir='ltr'><strong>incedebat.</strong></span> <span class='ocrx_word' id='word_1_126' title='bbox 2675 1554 2870 1619; x_wconf 90' lang='lat' dir='ltr'><strong>Unde</strong></span> 
     </span>
     <span class='ocr_line' id='line_1_21' title="bbox 648 1635 2866 1721; baseline 0 -21"><span class='ocrx_word' id='word_1_127' title='bbox 648 1635 849 1700; x_wconf 85' lang='lat' dir='ltr'><strong>Fulco</strong></span> <span class='ocrx_word' id='word_1_128' title='bbox 900 1638 967 1699; x_wconf 89' lang='lat' dir='ltr'><strong>in</strong></span> <span class='ocrx_word' id='word_1_129' title='bbox 1075 1637 1307 1700; x_wconf 88' lang='lat' dir='ltr'><strong>donem</strong></span> <span class='ocrx_word' id='word_1_130' title='bbox 1349 1657 1540 1720; x_wconf 84' lang='lat' dir='ltr'><strong>prece</strong></span> <span class='ocrx_word' id='word_1_131' title='bbox 1589 1657 1638 1716; x_wconf 91' lang='lat' dir='ltr'><strong>s,</strong></span> <span class='ocrx_word' id='word_1_132' title='bbox 1693 1659 1828 1700; x_wconf 85' lang='lat' dir='ltr'><strong>e1us</strong></span> <span class='ocrx_word' id='word_1_133' title='bbox 1873 1644 2106 1699; x_wconf 92' lang='lat' dir='ltr'><strong>terram</strong></span> <span class='ocrx_word' id='word_1_134' title='bbox 2150 1636 2573 1721; x_wconf 83' lang='lat' dir='ltr'><strong>depopulatur</strong></span> <span class='ocrx_word' id='word_1_135' title='bbox 2611 1646 2672 1700; x_wconf 91' lang='lat' dir='ltr'><strong>et</strong></span> <span class='ocrx_word' id='word_1_136' title='bbox 2710 1648 2866 1721; x_wconf 90' lang='lat' dir='ltr'><strong>post</strong></span> 
     </span>
     <span class='ocr_line' id='line_1_22' title="bbox 646 1717 2862 1806; baseline 0.001 -23"><span class='ocrx_word' id='word_1_137' title='bbox 646 1722 715 1783; x_wconf 91' lang='lat' dir='ltr'><strong>in</strong></span> <span class='ocrx_word' id='word_1_138' title='bbox 759 1740 835 1782; x_wconf 90' lang='lat' dir='ltr'><strong>ea</strong></span> <span class='ocrx_word' id='word_1_139' title='bbox 877 1720 1045 1782; x_wconf 78' lang='lat' dir='ltr'><strong>nonh</strong></span> <span class='ocrx_word' id='word_1_140' title='bbox 1088 1717 1310 1804; x_wconf 89' lang='lat' dir='ltr'><strong>procul</strong></span> <span class='ocrx_word' id='word_1_141' title='bbox 1351 1719 1432 1784; x_wconf 90' lang='lat' dir='ltr'><strong>ab</strong></span> <span class='ocrx_word' id='word_1_142' title='bbox 1462 1741 1542 1782; x_wconf 88' lang='lat' dir='ltr'><strong>ur</strong></span> <span class='ocrx_word' id='word_1_143' title='bbox 1588 1742 1621 1782; x_wconf 93' lang='lat' dir='ltr'><strong>e</strong></span> <span class='ocrx_word' id='word_1_144' title='bbox 1651 1719 1969 1785; x_wconf 89' lang='lat' dir='ltr'><strong>Turonica</strong></span> <span class='ocrx_word' id='word_1_145' title='bbox 1998 1720 2348 1805; x_wconf 81' lang='lat' dir='ltr'><strong>oppidum⁰</strong></span> <span class='ocrx_word' id='word_1_146' title='bbox 2377 1721 2640 1785; x_wconf 86' lang='lat' dir='ltr'><strong>exstruit</strong></span> <span class='ocrx_word' id='word_1_147' title='bbox 2665 1730 2862 1806; x_wconf 90' lang='lat' dir='ltr'><strong>atque</strong></span> 
     </span>
     <span class='ocr_line' id='line_1_23' title="bbox 649 1801 2866 1888; baseline 0 -22"><span class='ocrx_word' id='word_1_148' title='bbox 649 1803 881 1884; x_wconf 83' lang='lat' dir='ltr'><strong>munit3</strong></span> <span class='ocrx_word' id='word_1_149' title='bbox 928 1804 1145 1887; x_wconf 86' lang='lat' dir='ltr'><strong>copias</strong></span> <span class='ocrx_word' id='word_1_150' title='bbox 1188 1804 1400 1888; x_wconf 85' lang='lat' dir='ltr'><strong>ponit3</strong></span> <span class='ocrx_word' id='word_1_151' title='bbox 1452 1801 1756 1867; x_wconf 89' lang='lat' dir='ltr'><strong>militibus</strong></span> <span class='ocrx_word' id='word_1_152' title='bbox 1799 1802 2052 1888; x_wconf 83' lang='lat' dir='ltr'><strong>implet3</strong></span> <span class='ocrx_word' id='word_1_153' title='bbox 2111 1812 2173 1868; x_wconf 92' lang='lat' dir='ltr'><strong>et</strong></span> <span class='ocrx_word' id='word_1_154' title='bbox 2217 1805 2368 1888; x_wconf 89' lang='lat' dir='ltr'><strong>quia</strong></span> <span class='ocrx_word' id='word_1_155' title='bbox 2408 1803 2495 1866; x_wconf 89' lang='lat' dir='ltr'><strong>ad</strong></span> <span class='ocrx_word' id='word_1_156' title='bbox 2535 1805 2652 1868; x_wconf 92' lang='lat' dir='ltr'><strong>hoc</strong></span> <span class='ocrx_word' id='word_1_157' title='bbox 2693 1804 2866 1868; x_wconf 85' lang='lat' dir='ltr'><strong>diru-</strong></span> 
     </span>
     <span class='ocr_line' id='line_1_24' title="bbox 648 1885 2872 1973; baseline -0.001 -21"><span class='ocrx_word' id='word_1_158' title='bbox 648 1887 883 1952; x_wconf 89' lang='lat' dir='ltr'><strong>endum</strong></span> <span class='ocrx_word' id='word_1_159' title='bbox 930 1887 1221 1952; x_wconf 88' lang='lat' dir='ltr'><strong>Odonem</strong></span> <span class='ocrx_word' id='word_1_160' title='bbox 1264 1887 1686 1951; x_wconf 85' lang='lat' dir='ltr'><strong>adventurum</strong></span> <span class='ocrx_word' id='word_1_161' title='bbox 1729 1885 2054 1972; x_wconf 87' lang='lat' dir='ltr'><strong>sperabat,</strong></span> <span class='ocrx_word' id='word_1_162' title='bbox 2105 1910 2174 1951; x_wconf 90' lang='lat' dir='ltr'><strong>re</strong></span> <span class='ocrx_word' id='word_1_163' title='bbox 2221 1909 2324 1950; x_wconf 89' lang='lat' dir='ltr'><strong>em</strong></span> <span class='ocrx_word' id='word_1_164' title='bbox 2365 1889 2574 1973; x_wconf 88' lang='lat' dir='ltr'><strong>petiit,</strong></span> <span class='ocrx_word' id='word_1_165' title='bbox 2628 1887 2872 1951; x_wconf 85' lang='lat' dir='ltr'><strong>auxilia</strong></span> 
     </span>
     <span class='ocr_line' id='line_1_25' title="bbox 646 1969 2871 2059; baseline 0 -24"><span class='ocrx_word' id='word_1_166' title='bbox 646 1969 1114 2059; x_wconf 65' lang='lat' dir='ltr'><strong>imploraturus</strong></span> <span class='ocrx_word' id='word_1_167' title='bbox 1204 1970 1324 2036; x_wconf 90' lang='grc'><strong>0111</strong></span> <span class='ocrx_word' id='word_1_168' title='bbox 1370 1992 1515 2034; x_wconf 87' lang='grc'><strong>011111</strong></span> <span class='ocrx_word' id='word_1_169' title='bbox 1559 1993 1676 2036; x_wconf 84' lang='grc' dir='ltr'><strong>1·οΧ</strong></span> <span class='ocrx_word' id='word_1_170' title='bbox 1727 1969 2037 2034; x_wconf 89' lang='lat' dir='ltr'><strong>auxilium</strong></span> <span class='ocrx_word' id='word_1_171' title='bbox 2094 1991 2178 2056; x_wconf 94' lang='lat' dir='ltr'><strong>po</strong></span> <span class='ocrx_word' id='word_1_172' title='bbox 2229 1973 2530 2052; x_wconf 80' lang='lat' dir='ltr'><strong>‘ceretur,</strong></span> <span class='ocrx_word' id='word_1_173' title='bbox 2591 1970 2871 2036; x_wconf 79' lang='lat' dir='ltr'><strong>obstina-</strong></span> 
     </span>
     <span class='ocr_line' id='line_1_26' title="bbox 645 2054 2870 2140; baseline -0 -21"><span class='ocrx_word' id='word_1_174' title='bbox 645 2059 804 2120; x_wconf 88' lang='lat' dir='ltr'><strong>tiore</strong></span> <span class='ocrx_word' id='word_1_175' title='bbox 848 2057 1060 2119; x_wconf 90' lang='lat' dir='ltr'><strong>animo</strong></span> <span class='ocrx_word' id='word_1_176' title='bbox 1123 2055 1461 2118; x_wconf 87' lang='lat' dir='ltr'><strong>ferebatur.</strong></span> <span class='ocrx_word' id='word_1_177' title='bbox 1548 2055 1807 2140; x_wconf 88' lang='lat' dir='ltr'><strong>*Itaque</strong></span> <span class='ocrx_word' id='word_1_178' title='bbox 1872 2057 2088 2140; x_wconf 90' lang='lat' dir='ltr'><strong>copias</strong></span> <span class='ocrx_word' id='word_1_179' title='bbox 2142 2065 2360 2118; x_wconf 89' lang='lat' dir='ltr'><strong>contra</strong></span> <span class='ocrx_word' id='word_1_180' title='bbox 2410 2054 2661 2118; x_wconf 89' lang='lat' dir='ltr'><strong>hostem</strong></span> <span class='ocrx_word' id='word_1_181' title='bbox 2723 2076 2870 2118; x_wconf 91' lang='lat' dir='ltr'><strong>con-</strong></span> 
     </span>
    </p>

    <p class='ocr_par' dir='ltr' id='par_1_9' title="bbox 647 2137 2871 3313">
     <span class='ocr_line' id='line_1_27' title="bbox 725 2137 2870 2224; baseline -0.001 -21"><span class='ocrx_word' id='word_1_182' title='bbox 725 2160 979 2204; x_wconf 84' lang='lat' dir='ltr'><strong>essurus</strong></span> <span class='ocrx_word' id='word_1_183' title='bbox 1031 2149 1233 2224; x_wconf 87' lang='lat' dir='ltr'><strong>parat.</strong></span> <span class='ocrx_word' id='word_1_184' title='bbox 1326 2138 1701 2202; x_wconf 89' lang='lat' dir='ltr'><strong>Exercitum</strong></span> <span class='ocrx_word' id='word_1_185' title='bbox 1751 2137 2005 2223; x_wconf 84' lang='lat' dir='ltr'><strong>colligit.</strong></span> <span class='ocrx_word' id='word_1_186' title='bbox 2099 2137 2473 2223; x_wconf 88' lang='lat' dir='ltr'><strong>Bellumque</strong></span> <span class='ocrx_word' id='word_1_187' title='bbox 2519 2137 2736 2203; x_wconf 89' lang='lat' dir='ltr'><strong>Odoni</strong></span> <span class='ocrx_word' id='word_1_188' title='bbox 2775 2139 2870 2201; x_wconf 88' lang='lat' dir='ltr'><strong>in-</strong></span> 
     </span>
     <span class='ocr_line' id='line_1_28' title="bbox 692 2220 2870 2308; baseline 0 -22"><span class='ocrx_word' id='word_1_189' title='bbox 692 2224 819 2286; x_wconf 91' lang='lat' dir='ltr'><strong>icit.</strong></span> <span class='ocrx_word' id='word_1_190' title='bbox 908 2221 1053 2286; x_wconf 87' lang='grc' dir='ltr'><strong>0ᾶο</strong></span> <span class='ocrx_word' id='word_1_191' title='bbox 1110 2221 1354 2308; x_wconf 91' lang='lat' dir='ltr'><strong>pudore</strong></span> <span class='ocrx_word' id='word_1_192' title='bbox 1410 2223 1688 2304; x_wconf 72' lang='lat' dir='ltr'><strong>tactusd‚</strong></span> <span class='ocrx_word' id='word_1_193' title='bbox 1748 2244 1784 2286; x_wconf 83' lang='lat' dir='ltr'><strong>a</strong></span> <span class='ocrx_word' id='word_1_194' title='bbox 1827 2221 2027 2285; x_wconf 77' lang='lat' dir='ltr'><strong>Gallis</strong></span> <span class='ocrx_word' id='word_1_195' title='bbox 2069 2220 2286 2306; x_wconf 82' lang='lat' dir='ltr'><strong>Belgis</strong></span> <span class='ocrx_word' id='word_1_196' title='bbox 2344 2220 2630 2286; x_wconf 90' lang='lat' dir='ltr'><strong>subsidia</strong></span> <span class='ocrx_word' id='word_1_197' title='bbox 2684 2223 2870 2307; x_wconf 88' lang='lat' dir='ltr'><strong>petit.</strong></span> 
     </span>
     <span class='ocr_line' id='line_1_29' title="bbox 651 2305 2871 2392; baseline 0 -21"><span class='ocrx_word' id='word_1_198' title='bbox 651 2307 724 2372; x_wconf 86' lang='lat' dir='ltr'><strong>Si</strong></span> <span class='ocrx_word' id='word_1_199' title='bbox 765 2307 992 2387; x_wconf 86' lang='lat' dir='ltr'><strong>adsint,</strong></span> <span class='ocrx_word' id='word_1_200' title='bbox 1034 2307 1303 2392; x_wconf 85' lang='lat' dir='ltr'><strong>gratiam</strong></span> <span class='ocrx_word' id='word_1_201' title='bbox 1347 2327 1485 2370; x_wconf 92' lang='lat' dir='ltr'><strong>sese</strong></span> <span class='ocrx_word' id='word_1_202' title='bbox 1528 2315 2156 2390; x_wconf 83' lang='lat' dir='ltr'><strong>recompensaturum</strong></span> <span class='ocrx_word' id='word_1_203' title='bbox 2199 2306 2486 2390; x_wconf 90' lang='lat' dir='ltr'><strong>spondet.</strong></span> <span class='ocrx_word' id='word_1_204' title='bbox 2568 2306 2673 2370; x_wconf 92' lang='lat' dir='ltr'><strong>Illi</strong></span> <span class='ocrx_word' id='word_1_205' title='bbox 2715 2305 2871 2371; x_wconf 87' lang='lat' dir='ltr'><strong>libe—</strong></span> 
     </span>
     <span class='ocr_line' id='line_1_30' title="bbox 647 2387 2868 2474; baseline 0 -20"><span class='ocrx_word' id='word_1_206' title='bbox 647 2389 862 2455; x_wconf 86' lang='lat' dir='ltr'><strong>raliter</strong></span> <span class='ocrx_word' id='word_1_207' title='bbox 911 2400 1198 2455; x_wconf 86' lang='lat' dir='ltr'><strong>annuunt</strong></span> <span class='ocrx_word' id='word_1_208' title='bbox 1253 2390 1575 2474; x_wconf 87' lang='lat' dir='ltr'><strong>fidemque</strong></span> <span class='ocrx_word' id='word_1_209' title='bbox 1617 2390 1873 2453; x_wconf 83' lang='lat' dir='ltr'><strong>faciunt.</strong></span> <span class='ocrx_word' id='word_1_210' title='bbox 1967 2389 2102 2452; x_wconf 88' lang='lat' dir='ltr'><strong>Nec</strong></span> <span class='ocrx_word' id='word_1_211' title='bbox 2146 2390 2356 2453; x_wconf 88' lang='lat' dir='ltr'><strong>minus</strong></span> <span class='ocrx_word' id='word_1_212' title='bbox 2399 2387 2828 2454; x_wconf 88' lang='lat' dir='ltr'><strong>Flandrenses</strong></span> <span class='ocrx_word' id='word_1_213' title='bbox 2844 2403 2868 2434; x_wconf 62' lang='grc' dir='ltr'>θ</span> 
     </span>
     <span class='ocr_line' id='line_1_31' title="bbox 648 2472 2869 2559; baseline -0 -21"><span class='ocrx_word' id='word_1_214' title='bbox 648 2476 915 2540; x_wconf 86' lang='lat' dir='ltr'><strong>accersit</strong></span> <span class='ocrx_word' id='word_1_215' title='bbox 970 2474 1051 2538; x_wconf 86' lang='lat' dir='ltr'><strong>ab</strong></span> <span class='ocrx_word' id='word_1_216' title='bbox 1106 2476 1323 2559; x_wconf 89' lang='lat' dir='ltr'><strong>eisque</strong></span> <span class='ocrx_word' id='word_1_217' title='bbox 1364 2472 1627 2538; x_wconf 89' lang='lat' dir='ltr'><strong>tutelam</strong></span> <span class='ocrx_word' id='word_1_218' title='bbox 1678 2475 1864 2559; x_wconf 86' lang='lat' dir='ltr'><strong>petiit</strong></span> <span class='ocrx_word' id='word_1_219' title='bbox 1880 2520 1896 2553; x_wconf 93' lang='lat'><strong>,</strong></span> <span class='ocrx_word' id='word_1_220' title='bbox 1949 2474 2158 2536; x_wconf 87' lang='lat' dir='ltr'><strong>vicem</strong></span> <span class='ocrx_word' id='word_1_221' title='bbox 2200 2472 2537 2558; x_wconf 62' lang='lat' dir='ltr'><strong>pollicens»,</strong></span> <span class='ocrx_word' id='word_1_222' title='bbox 2593 2475 2647 2537; x_wconf 93' lang='lat' dir='ltr'><strong>si</strong></span> <span class='ocrx_word' id='word_1_223' title='bbox 2693 2473 2869 2559; x_wconf 90' lang='lat' dir='ltr'><strong>quod</strong></span> 
     </span>
     <span class='ocr_line' id='line_1_32' title="bbox 648 2555 2868 2646; baseline -0.001 -22"><span class='ocrx_word' id='word_1_224' title='bbox 648 2559 811 2646; x_wconf 91' lang='lat' dir='ltr'><strong>petit</strong></span> <span class='ocrx_word' id='word_1_225' title='bbox 852 2581 980 2623; x_wconf 93' lang='lat' dir='ltr'><strong>non</strong></span> <span class='ocrx_word' id='word_1_226' title='bbox 1022 2557 1323 2622; x_wconf 88' lang='lat' dir='ltr'><strong>abnuant.</strong></span> <span class='ocrx_word' id='word_1_227' title='bbox 1407 2557 1509 2620; x_wconf 92' lang='lat' dir='ltr'><strong>Illi</strong></span> <span class='ocrx_word' id='word_1_228' title='bbox 1589 2579 1798 2642; x_wconf 88' lang='lat' dir='ltr'><strong>uoque</strong></span> <span class='ocrx_word' id='word_1_229' title='bbox 1827 2557 2039 2620; x_wconf 91' lang='lat' dir='ltr'><strong>animo</strong></span> <span class='ocrx_word' id='word_1_230' title='bbox 2067 2555 2312 2622; x_wconf 91' lang='lat' dir='ltr'><strong>liberali</strong></span> <span class='ocrx_word' id='word_1_231' title='bbox 2341 2559 2590 2643; x_wconf 88' lang='lat' dir='ltr'><strong>quesita</strong></span> <span class='ocrx_word' id='word_1_232' title='bbox 2616 2578 2868 2622; x_wconf 85' lang='lat' dir='ltr'><strong>accom-</strong></span> 
     </span>
     <span class='ocr_line' id='line_1_33' title="bbox 648 2640 2869 2726; baseline -0.001 -20"><span class='ocrx_word' id='word_1_233' title='bbox 648 2643 929 2706; x_wconf 89' lang='lat' dir='ltr'><strong>modant.</strong></span> <span class='ocrx_word' id='word_1_234' title='bbox 1035 2642 1266 2705; x_wconf 88' lang='lat' dir='ltr'><strong>Piratis</strong></span> <span class='ocrx_word' id='word_1_235' title='bbox 1330 2643 1519 2706; x_wconf 89' lang='lat' dir='ltr'><strong>etiam</strong></span> <span class='ocrx_word' id='word_1_236' title='bbox 1607 2651 1824 2726; x_wconf 88' lang='lat' dir='ltr'><strong>egatos</strong></span> <span class='ocrx_word' id='word_1_237' title='bbox 1891 2640 2170 2724; x_wconf 87' lang='lat' dir='ltr'><strong>dirigens</strong></span> <span class='ocrx_word' id='word_1_238' title='bbox 2188 2688 2204 2721; x_wconf 94' lang='lat'><strong>,</strong></span> <span class='ocrx_word' id='word_1_239' title='bbox 2271 2642 2484 2725; x_wconf 88' lang='lat' dir='ltr'><strong>copias</strong></span> <span class='ocrx_word' id='word_1_240' title='bbox 2549 2640 2674 2704; x_wconf 89' lang='lat' dir='ltr'><strong>sibi</strong></span> <span class='ocrx_word' id='word_1_241' title='bbox 2735 2663 2869 2704; x_wconf 93' lang='lat' dir='ltr'><strong>non</strong></span> 
     </span>
     <span class='ocr_line' id='line_1_34' title="bbox 648 2724 2867 2811; baseline -0 -21"><span class='ocrx_word' id='word_1_242' title='bbox 648 2748 728 2790; x_wconf 91' lang='lat' dir='ltr'><strong>ne</strong></span> <span class='ocrx_word' id='word_1_243' title='bbox 777 2727 871 2789; x_wconf 91' lang='lat' dir='ltr'><strong>ari</strong></span> <span class='ocrx_word' id='word_1_244' title='bbox 912 2725 1221 2811; x_wconf 87' lang='lat' dir='ltr'><strong>deposcit.</strong></span> <span class='ocrx_word' id='word_1_245' title='bbox 1306 2725 1590 2811; x_wconf 90' lang='lat' dir='ltr'><strong>Tempus</strong></span> <span class='ocrx_word' id='word_1_246' title='bbox 1633 2735 1698 2788; x_wconf 93' lang='lat' dir='ltr'><strong>et</strong></span> <span class='ocrx_word' id='word_1_247' title='bbox 1737 2725 1912 2788; x_wconf 91' lang='lat' dir='ltr'><strong>locus</strong></span> <span class='ocrx_word' id='word_1_248' title='bbox 1945 2724 2238 2788; x_wconf 88' lang='lat' dir='ltr'><strong>omnibus</strong></span> <span class='ocrx_word' id='word_1_249' title='bbox 2277 2725 2693 2802; x_wconf 87' lang='lat' dir='ltr'><strong>constituitur,</strong></span> <span class='ocrx_word' id='word_1_250' title='bbox 2739 2746 2867 2811; x_wconf 91' lang='lat' dir='ltr'><strong>quo</strong></span> 
     </span>
     <span class='ocr_line' id='line_1_35' title="bbox 651 2807 2871 2894; baseline 0 -20"><span class='ocrx_word' id='word_1_251' title='bbox 651 2831 727 2874; x_wconf 92' lang='lat' dir='ltr'><strong>co</strong></span> <span class='ocrx_word' id='word_1_252' title='bbox 776 2810 897 2872; x_wconf 89' lang='lat' dir='ltr'><strong>ecti</strong></span> <span class='ocrx_word' id='word_1_253' title='bbox 940 2831 1077 2874; x_wconf 88' lang='lat' dir='ltr'><strong>sese</strong></span> <span class='ocrx_word' id='word_1_254' title='bbox 1128 2809 1473 2874; x_wconf 88' lang='lat' dir='ltr'><strong>conferant.</strong></span> <span class='ocrx_word' id='word_1_255' title='bbox 1564 2808 1708 2874; x_wconf 89' lang='lat' dir='ltr'><strong>Odo</strong></span> <span class='ocrx_word' id='word_1_256' title='bbox 1763 2809 2014 2872; x_wconf 91' lang='lat' dir='ltr'><strong>interim</strong></span> <span class='ocrx_word' id='word_1_257' title='bbox 2075 2829 2223 2871; x_wconf 88' lang='lat' dir='ltr'><strong>suos</strong></span> <span class='ocrx_word' id='word_1_258' title='bbox 2281 2807 2526 2894; x_wconf 86' lang='lat' dir='ltr'><strong>placat,</strong></span> <span class='ocrx_word' id='word_1_259' title='bbox 2591 2807 2871 2892; x_wconf 77' lang='lat' dir='ltr'><strong>colligitf</strong></span> 
     </span>
     <span class='ocr_line' id='line_1_36' title="bbox 650 2890 2868 2977; baseline -0.001 -18"><span class='ocrx_word' id='word_1_260' title='bbox 650 2903 715 2959; x_wconf 88' lang='lat' dir='ltr'><strong>et</strong></span> <span class='ocrx_word' id='word_1_261' title='bbox 775 2893 1015 2956; x_wconf 85' lang='lat' dir='ltr'><strong>incitat.</strong></span> <span class='ocrx_word' id='word_1_262' title='bbox 1120 2893 1446 2977; x_wconf 87' lang='lat' dir='ltr'><strong>Ratusque</strong></span> <span class='ocrx_word' id='word_1_263' title='bbox 1502 2890 1734 2975; x_wconf 85' lang='lat' dir='ltr'><strong>Belgas</strong></span> <span class='ocrx_word' id='word_1_264' title='bbox 1799 2902 1861 2956; x_wconf 90' lang='lat' dir='ltr'><strong>et</strong></span> <span class='ocrx_word' id='word_1_265' title='bbox 1922 2893 2161 2977; x_wconf 87' lang='lat' dir='ltr'><strong>piratas</strong></span> <span class='ocrx_word' id='word_1_266' title='bbox 2214 2892 2620 2976; x_wconf 90' lang='lat' dir='ltr'><strong>tempestivos</strong></span> <span class='ocrx_word' id='word_1_267' title='bbox 2637 2941 2654 2974; x_wconf 91' lang='lat'><strong>,</strong></span> <span class='ocrx_word' id='word_1_268' title='bbox 2721 2913 2868 2956; x_wconf 93' lang='lat' dir='ltr'><strong>cum</strong></span> 
     </span>
     <span class='ocr_line' id='line_1_37' title="bbox 650 2973 2870 3060; baseline 0 -20"><span class='ocrx_word' id='word_1_269' title='bbox 650 2997 911 3040; x_wconf 89' lang='lat' dir='ltr'><strong>suorum</strong></span> <span class='ocrx_word' id='word_1_270' title='bbox 966 2976 1190 3060; x_wconf 90' lang='lat' dir='ltr'><strong>paucis</strong></span> <span class='ocrx_word' id='word_1_271' title='bbox 1252 2985 1429 3040; x_wconf 90' lang='lat' dir='ltr'><strong>tanta</strong></span> <span class='ocrx_word' id='word_1_272' title='bbox 1481 2975 1794 3040; x_wconf 87' lang='lat' dir='ltr'><strong>celeritate</strong></span> <span class='ocrx_word' id='word_1_273' title='bbox 1845 2975 1912 3038; x_wconf 89' lang='lat' dir='ltr'><strong>in</strong></span> <span class='ocrx_word' id='word_1_274' title='bbox 1966 2973 2316 3040; x_wconf 78' lang='lat' dir='ltr'><strong>Falconem</strong></span> <span class='ocrx_word' id='word_1_275' title='bbox 2379 2975 2577 3040; x_wconf 87' lang='lat' dir='ltr'><strong>fertur</strong></span> <span class='ocrx_word' id='word_1_276' title='bbox 2592 3023 2609 3056; x_wconf 93' lang='lat'><strong>,</strong></span> <span class='ocrx_word' id='word_1_277' title='bbox 2672 2987 2748 3040; x_wconf 93' lang='lat' dir='ltr'><strong>ut</strong></span> <span class='ocrx_word' id='word_1_278' title='bbox 2803 2977 2870 3039; x_wconf 93' lang='lat' dir='ltr'><strong>in</strong></span> 
     </span>
     <span class='ocr_line' id='line_1_38' title="bbox 652 3058 2869 3145; baseline -0 -21"><span class='ocrx_word' id='word_1_279' title='bbox 652 3060 993 3124; x_wconf 90' lang='lat' dir='ltr'><strong>certamine</strong></span> <span class='ocrx_word' id='word_1_280' title='bbox 1035 3058 1179 3145; x_wconf 88' lang='lat' dir='ltr'><strong>plus</strong></span> <span class='ocrx_word' id='word_1_281' title='bbox 1218 3059 1386 3122; x_wconf 86' lang='lat'>4000</span> <span class='ocrx_word' id='word_1_282' title='bbox 1428 3069 1856 3145; x_wconf 85' lang='lat' dir='ltr'><strong>pugnatorum</strong></span> <span class='ocrx_word' id='word_1_283' title='bbox 1882 3080 2012 3123; x_wconf 91' lang='lat' dir='ltr'><strong>non</strong></span> <span class='ocrx_word' id='word_1_284' title='bbox 2039 3058 2318 3124; x_wconf 90' lang='lat' dir='ltr'><strong>haberet.</strong></span> <span class='ocrx_word' id='word_1_285' title='bbox 2392 3058 2617 3124; x_wconf 86' lang='lat' dir='ltr'><strong>Castro</strong></span> <span class='ocrx_word' id='word_1_286' title='bbox 2655 3069 2869 3124; x_wconf 90' lang='lat' dir='ltr'><strong>tamen</strong></span> 
     </span>
     <span class='ocr_line' id='line_1_39' title="bbox 652 3141 2869 3228; baseline 0 -19"><span class='ocrx_word' id='word_1_287' title='bbox 652 3143 1049 3209; x_wconf 89' lang='lat' dir='ltr'><strong>obsidionem</strong></span> <span class='ocrx_word' id='word_1_288' title='bbox 1091 3141 1350 3208; x_wconf 87' lang='lat' dir='ltr'><strong>adhibet</strong></span> <span class='ocrx_word' id='word_1_289' title='bbox 1390 3143 1844 3228; x_wconf 87' lang='lat' dir='ltr'><strong>armiferosque</strong></span> <span class='ocrx_word' id='word_1_290' title='bbox 1890 3141 2188 3227; x_wconf 87' lang='lat' dir='ltr'><strong>disponit.</strong></span> <span class='ocrx_word' id='word_1_291' title='bbox 2271 3143 2639 3208; x_wconf 84' lang='lat' dir='ltr'><strong>Castrenses</strong></span> <span class='ocrx_word' id='word_1_292' title='bbox 2667 3142 2869 3209; x_wconf 90' lang='lat' dir='ltr'><strong>multo</strong></span> 
     </span>
     <span class='ocr_line' id='line_1_40' title="bbox 652 3228 1209 3313; baseline -0.005 -19"><span class='ocrx_word' id='word_1_293' title='bbox 652 3237 883 3294; x_wconf 90' lang='lat' dir='ltr'><strong>conatu</strong></span> <span class='ocrx_word' id='word_1_294' title='bbox 924 3228 1209 3313; x_wconf 87' lang='lat' dir='ltr'><strong>adurget.</strong></span> 
     </span>
    </p>
   </div>
   <div class='ocr_carea' id='block_1_9' title="bbox 744 3345 2785 3433">
    <p class='ocr_par' dir='ltr' id='par_1_10' title="bbox 744 3345 2785 3433">
     <span class='ocr_line' id='line_1_41' title="bbox 744 3345 2785 3433; baseline -0.001 -19"><span class='ocrx_word' id='word_1_295' title='bbox 744 3350 844 3414; x_wconf 88' lang='lat'><strong>91.</strong></span> <span class='ocrx_word' id='word_1_296' title='bbox 930 3346 1229 3413; x_wconf 86' lang='lat' dir='ltr'><strong>Fulconis</strong></span> <span class='ocrx_word' id='word_1_297' title='bbox 1272 3346 1689 3433; x_wconf 60' lang='lat' dir='ltr'><strong>supplicatio&amp;</strong></span> <span class='ocrx_word' id='word_1_298' title='bbox 1729 3347 1945 3433; x_wconf 74' lang='lat' dir='ltr'><strong>apudg</strong></span> <span class='ocrx_word' id='word_1_299' title='bbox 1989 3345 2281 3410; x_wconf 89' lang='lat' dir='ltr'><strong>Odonem</strong></span> <span class='ocrx_word' id='word_1_300' title='bbox 2323 3369 2440 3433; x_wconf 89' lang='lat' dir='ltr'><strong>per</strong></span> <span class='ocrx_word' id='word_1_301' title='bbox 2477 3346 2724 3432; x_wconf 88' lang='lat' dir='ltr'><strong>legatos</strong></span> <span class='ocrx_word' id='word_1_302' title='bbox 2737 3359 2785 3411; x_wconf 74' lang='lat'><strong>8.</strong></span> 
     </span>
    </p>
   </div>
   <div class='ocr_carea' id='block_1_10' title="bbox 652 3447 2877 4038">
    <p class='ocr_par' dir='ltr' id='par_1_11' title="bbox 652 3447 2877 4038">
     <span class='ocr_line' id='line_1_42' title="bbox 815 3447 2872 3535; baseline -0.001 -21"><span class='ocrx_word' id='word_1_303' title='bbox 815 3449 1020 3514; x_wconf 87' lang='lat' dir='ltr'><strong>Fulco</strong></span> <span class='ocrx_word' id='word_1_304' title='bbox 1085 3472 1298 3535; x_wconf 87' lang='lat' dir='ltr'><strong>regem</strong></span> <span class='ocrx_word' id='word_1_305' title='bbox 1360 3459 1712 3513; x_wconf 90' lang='lat' dir='ltr'><strong>morantem</strong></span> <span class='ocrx_word' id='word_1_306' title='bbox 1775 3471 1900 3512; x_wconf 90' lang='lat' dir='ltr'><strong>non</strong></span> <span class='ocrx_word' id='word_1_307' title='bbox 1971 3447 2422 3513; x_wconf 82' lang='lat' dir='ltr'><strong>auxiliaturum</strong></span> <span class='ocrx_word' id='word_1_308' title='bbox 2494 3459 2557 3513; x_wconf 92' lang='lat' dir='ltr'><strong>et</strong></span> <span class='ocrx_word' id='word_1_309' title='bbox 2622 3449 2872 3515; x_wconf 88' lang='lat' dir='ltr'><strong>Odonis</strong></span> 
     </span>
     <span class='ocr_line' id='line_1_43' title="bbox 653 3532 2876 3614; baseline -0 -16"><span class='ocrx_word' id='word_1_310' title='bbox 653 3536 1006 3598; x_wconf 89' lang='lat' dir='ltr'><strong>exercitum</strong></span> <span class='ocrx_word' id='word_1_311' title='bbox 1050 3532 1506 3598; x_wconf 84' lang='lat' dir='ltr'><strong>intolerabilem</strong></span> <span class='ocrx_word' id='word_1_312' title='bbox 1549 3542 1742 3614; x_wconf 88' lang='lat' dir='ltr'><strong>ratus,</strong></span> <span class='ocrx_word' id='word_1_313' title='bbox 1785 3533 2128 3596; x_wconf 88' lang='lat' dir='ltr'><strong>remissiori</strong></span> <span class='ocrx_word' id='word_1_314' title='bbox 2170 3555 2326 3597; x_wconf 90' lang='lat' dir='ltr'><strong>mox</strong></span> <span class='ocrx_word' id='word_1_315' title='bbox 2361 3534 2572 3597; x_wconf 88' lang='lat' dir='ltr'><strong>animo</strong></span> <span class='ocrx_word' id='word_1_316' title='bbox 2617 3532 2876 3597; x_wconf 90' lang='lat' dir='ltr'><strong>habitus</strong></span> 
     </span>
     <span class='ocr_line' id='line_1_44' title="bbox 654 3615 2877 3742; baseline -0.001 -61"><span class='ocrx_word' id='word_1_317' title='bbox 654 3628 767 3682; x_wconf 91' lang='lat' dir='ltr'><strong>est.</strong></span> <span class='ocrx_word' id='word_1_318' title='bbox 825 3618 1049 3703; x_wconf 89' lang='lat' dir='ltr'><strong>Itaque</strong></span> <span class='ocrx_word' id='word_1_319' title='bbox 1080 3640 1195 3742; x_wconf 81' lang='lat' dir='ltr'><strong>per</strong></span> <span class='ocrx_word' id='word_1_320' title='bbox 1221 3617 1462 3700; x_wconf 85' lang='lat' dir='ltr'><strong>legatos</strong></span> <span class='ocrx_word' id='word_1_321' title='bbox 1494 3616 1738 3682; x_wconf 88' lang='lat' dir='ltr'><strong>Odonis</strong></span> <span class='ocrx_word' id='word_1_322' title='bbox 1767 3617 2112 3680; x_wconf 88' lang='lat' dir='ltr'><strong>amicitiam</strong></span> <span class='ocrx_word' id='word_1_323' title='bbox 2143 3619 2404 3701; x_wconf 87' lang='lat' dir='ltr'><strong>expetit.</strong></span> <span class='ocrx_word' id='word_1_324' title='bbox 2465 3618 2590 3680; x_wconf 91' lang='lat' dir='ltr'><strong>Pro</strong></span> <span class='ocrx_word' id='word_1_325' title='bbox 2625 3615 2877 3682; x_wconf 86' lang='lat' dir='ltr'><strong>Conani</strong></span> 
     </span>
     <span class='ocr_line' id='line_1_45' title="bbox 652 3699 2874 3786; baseline -0 -21"><span class='ocrx_word' id='word_1_326' title='bbox 652 3703 909 3766; x_wconf 88' lang='lat' dir='ltr'><strong>interitu</strong></span> <span class='ocrx_word' id='word_1_327' title='bbox 952 3701 1073 3764; x_wconf 92' lang='grc'><strong>100</strong></span> <span class='ocrx_word' id='word_1_328' title='bbox 1155 3701 1368 3786; x_wconf 92' lang='lat' dir='ltr'><strong>pondo</strong></span> <span class='ocrx_word' id='word_1_329' title='bbox 1411 3701 1656 3784; x_wconf 83' lang='lat' dir='ltr'><strong>argenti</strong></span> <span class='ocrx_word' id='word_1_330' title='bbox 1695 3722 1831 3764; x_wconf 90' lang='lat' dir='ltr'><strong>sese</strong></span> <span class='ocrx_word' id='word_1_331' title='bbox 1871 3701 1959 3762; x_wconf 87' lang='lat' dir='ltr'><strong>im</strong></span> <span class='ocrx_word' id='word_1_332' title='bbox 2007 3721 2307 3764; x_wconf 82' lang='lat' dir='ltr'><strong>ensurum</strong></span> <span class='ocrx_word' id='word_1_333' title='bbox 2346 3699 2624 3767; x_wconf 88' lang='lat' dir='ltr'><strong>mandat.</strong></span> <span class='ocrx_word' id='word_1_334' title='bbox 2694 3700 2874 3764; x_wconf 91' lang='lat' dir='ltr'><strong>Loco</strong></span> 
     </span>
     <span class='ocr_line' id='line_1_46' title="bbox 653 3783 2870 3869; baseline 0 -21"><span class='ocrx_word' id='word_1_335' title='bbox 653 3785 869 3848; x_wconf 90' lang='lat' dir='ltr'><strong>militis</strong></span> <span class='ocrx_word' id='word_1_336' title='bbox 890 3783 1201 3848; x_wconf 90' lang='lat' dir='ltr'><strong>interfecti</strong></span> <span class='ocrx_word' id='word_1_337' title='bbox 1221 3783 1419 3847; x_wconf 89' lang='lat' dir='ltr'><strong>filium</strong></span> <span class='ocrx_word' id='word_1_338' title='bbox 1444 3807 1628 3847; x_wconf 90' lang='lat' dir='ltr'><strong>suum</strong></span> <span class='ocrx_word' id='word_1_339' title='bbox 1649 3805 1766 3869; x_wconf 94' lang='lat' dir='ltr'><strong>pro</strong></span> <span class='ocrx_word' id='word_1_340' title='bbox 1792 3805 1866 3847; x_wconf 91' lang='lat' dir='ltr'><strong>eo</strong></span> <span class='ocrx_word' id='word_1_341' title='bbox 1889 3785 1972 3846; x_wconf 85' lang='lat' dir='ltr'><strong>m&#39;</strong></span> <span class='ocrx_word' id='word_1_342' title='bbox 2005 3785 2302 3847; x_wconf 88' lang='lat' dir='ltr'><strong>’taturum</strong></span> <span class='ocrx_word' id='word_1_343' title='bbox 2327 3785 2527 3848; x_wconf 85' lang='lat' dir='ltr'><strong>offert.</strong></span> <span class='ocrx_word' id='word_1_344' title='bbox 2572 3783 2870 3849; x_wconf 80' lang='lat' dir='ltr'><strong>Castrum</strong></span> 
     </span>
     <span class='ocr_line' id='line_1_47' title="bbox 654 3867 2867 3953; baseline -0.002 -19"><span class='ocrx_word' id='word_1_345' title='bbox 654 3878 1015 3934; x_wconf 86' lang='lat' dir='ltr'><strong>extructum</strong></span> <span class='ocrx_word' id='word_1_346' title='bbox 1058 3869 1126 3930; x_wconf 92' lang='lat' dir='ltr'><strong>in</strong></span> <span class='ocrx_word' id='word_1_347' title='bbox 1167 3870 1301 3932; x_wconf 91' lang='lat' dir='ltr'><strong>eius</strong></span> <span class='ocrx_word' id='word_1_348' title='bbox 1344 3867 1581 3932; x_wconf 90' lang='lat' dir='ltr'><strong>honore</strong></span> <span class='ocrx_word' id='word_1_349' title='bbox 1625 3889 1761 3931; x_wconf 91' lang='lat' dir='ltr'><strong>sese</strong></span> <span class='ocrx_word' id='word_1_350' title='bbox 1807 3889 2173 3931; x_wconf 85' lang='lat' dir='ltr'><strong>eversurum</strong></span> <span class='ocrx_word' id='word_1_351' title='bbox 2213 3877 2405 3953; x_wconf 90' lang='lat' dir='ltr'><strong>atque</strong></span> <span class='ocrx_word' id='word_1_352' title='bbox 2448 3891 2487 3932; x_wconf 93' lang='lat' dir='ltr'><strong>a</strong></span> <span class='ocrx_word' id='word_1_353' title='bbox 2543 3869 2674 3932; x_wconf 89' lang='lat' dir='ltr'><strong>suis</strong></span> <span class='ocrx_word' id='word_1_354' title='bbox 2729 3888 2867 3932; x_wconf 88' lang='lat' dir='ltr'><strong>eva-</strong></span> 
     </span>
     <span class='ocr_line' id='line_1_48' title="bbox 654 3950 2876 4038; baseline -0.002 -21"><span class='ocrx_word' id='word_1_355' title='bbox 654 3962 1012 4034; x_wconf 83' lang='lat' dir='ltr'><strong>cuaturum3</strong></span> <span class='ocrx_word' id='word_1_356' title='bbox 1072 3973 1210 4016; x_wconf 89' lang='lat' dir='ltr'><strong>sese</strong></span> <span class='ocrx_word' id='word_1_357' title='bbox 1255 3974 1505 4038; x_wconf 90' lang='lat' dir='ltr'><strong>quoque</strong></span> <span class='ocrx_word' id='word_1_358' title='bbox 1552 3951 1610 4016; x_wconf 91' lang='lat' dir='ltr'><strong>ei</strong></span> <span class='ocrx_word' id='word_1_359' title='bbox 1664 3959 1886 4036; x_wconf 88' lang='lat' dir='ltr'><strong>sponte</strong></span> <span class='ocrx_word' id='word_1_360' title='bbox 1946 3950 2280 4016; x_wconf 89' lang='lat' dir='ltr'><strong>militatum</strong></span> <span class='ocrx_word' id='word_1_361' title='bbox 2334 3953 2443 4034; x_wconf 90' lang='lat' dir='ltr'><strong>ire,</strong></span> <span class='ocrx_word' id='word_1_362' title='bbox 2503 3952 2557 4014; x_wconf 90' lang='lat' dir='ltr'><strong>si</strong></span> <span class='ocrx_word' id='word_1_363' title='bbox 2613 3951 2683 4016; x_wconf 91' lang='lat' dir='ltr'><strong>id</strong></span> <span class='ocrx_word' id='word_1_364' title='bbox 2735 3951 2876 4037; x_wconf 86' lang='lat' dir='ltr'><strong>regi</strong></span> 
     </span>
    </p>
   </div>
   <div class='ocr_carea' id='block_1_11' title="bbox 655 4111 2875 4284">
    <p class='ocr_par' dir='ltr' id='par_1_12' title="bbox 655 4111 2875 4284">
     <span class='ocr_line' id='line_1_49' title="bbox 772 4111 2874 4166; baseline -0.001 -12"><span class='ocrx_word' id='word_1_365' title='bbox 772 4113 817 4166; x_wconf 85' lang='lat' dir='ltr'><strong>a)</strong></span> <span class='ocrx_word' id='word_1_366' title='bbox 849 4119 997 4166; x_wconf 84' lang='lat' dir='ltr'><strong>petus,</strong></span> <span class='ocrx_word' id='word_1_367' title='bbox 1026 4115 1089 4165; x_wconf 86' lang='lat' dir='ltr'><strong>in,</strong></span> <span class='ocrx_word' id='word_1_368' title='bbox 1122 4125 1172 4154; x_wconf 86' lang='lat' dir='ltr'><strong>se</strong></span> <span class='ocrx_word' id='word_1_369' title='bbox 1203 4113 1315 4154; x_wconf 77' lang='lat' dir='ltr'><strong>absc.</strong></span> <span class='ocrx_word' id='word_1_370' title='bbox 1433 4112 1479 4164; x_wconf 90' lang='lat' dir='ltr'><strong>b)</strong></span> <span class='ocrx_word' id='word_1_371' title='bbox 1513 4125 1558 4154; x_wconf 90' lang='lat' dir='ltr'><strong>n.</strong></span> <span class='ocrx_word' id='word_1_372' title='bbox 1593 4125 1638 4164; x_wconf 83' lang='lat' dir='ltr'><strong>p.</strong></span> <span class='ocrx_word' id='word_1_373' title='bbox 1671 4115 1718 4152; x_wconf 78' lang='lat' dir='ltr'><strong>in</strong></span> <span class='ocrx_word' id='word_1_374' title='bbox 1749 4115 1838 4152; x_wconf 84' lang='lat' dir='ltr'><strong>loco</strong></span> <span class='ocrx_word' id='word_1_375' title='bbox 1870 4123 1988 4154; x_wconf 70' lang='lat' dir='ltr'><strong>raso.</strong></span> <span class='ocrx_word' id='word_1_376' title='bbox 2111 4111 2151 4163; x_wconf 89' lang='grc'><strong>0)</strong></span> <span class='ocrx_word' id='word_1_377' title='bbox 2188 4117 2387 4153; x_wconf 78' lang='lat' dir='ltr'><strong>castrum</strong></span> <span class='ocrx_word' id='word_1_378' title='bbox 2402 4124 2618 4164; x_wconf 66' lang='lat' dir='ltr'><strong>super-eor.</strong></span> <span class='ocrx_word' id='word_1_379' title='bbox 2636 4113 2874 4163; x_wconf 83' lang='lat' dir='ltr'><strong>oppidum.</strong></span> 
     </span>
     <span class='ocr_line' id='line_1_50' title="bbox 657 4170 2872 4224; baseline -0.001 -11"><span class='ocrx_word' id='word_1_380' title='bbox 657 4171 704 4224; x_wconf 77' lang='lat' dir='ltr'><strong>d)</strong></span> <span class='ocrx_word' id='word_1_381' title='bbox 722 4177 753 4214; x_wconf 86' lang='lat' dir='ltr'><strong>t.</strong></span> <span class='ocrx_word' id='word_1_382' title='bbox 770 4173 928 4212; x_wconf 79' lang='lat' dir='ltr'><strong>Gallos</strong></span> <span class='ocrx_word' id='word_1_383' title='bbox 939 4172 1107 4220; x_wconf 79' lang='lat' dir='ltr'><strong>Belgas</strong></span> <span class='ocrx_word' id='word_1_384' title='bbox 1121 4175 1162 4212; x_wconf 92' lang='lat'><strong>1.</strong></span> <span class='ocrx_word' id='word_1_385' title='bbox 1224 4171 1267 4222; x_wconf 91' lang='lat' dir='ltr'><strong>e)</strong></span> <span class='ocrx_word' id='word_1_386' title='bbox 1281 4172 1595 4212; x_wconf 82' lang='lat' dir='ltr'><strong>Frandrenses</strong></span> <span class='ocrx_word' id='word_1_387' title='bbox 1607 4183 1818 4222; x_wconf 67' lang='lat' dir='ltr'><strong>cuper-scr.</strong></span> <span class='ocrx_word' id='word_1_388' title='bbox 1837 4173 1869 4212; x_wconf 92' lang='lat'><strong>1.</strong></span> <span class='ocrx_word' id='word_1_389' title='bbox 1931 4171 1969 4221; x_wconf 82' lang='lat' dir='ltr'><strong>f)</strong></span> <span class='ocrx_word' id='word_1_390' title='bbox 1981 4177 2081 4221; x_wconf 73' lang='lat' dir='ltr'><strong>post</strong></span> <span class='ocrx_word' id='word_1_391' title='bbox 2092 4173 2191 4211; x_wconf 81' lang='lat' dir='ltr'><strong>add.</strong></span> <span class='ocrx_word' id='word_1_392' title='bbox 2253 4170 2300 4223; x_wconf 79' lang='lat' dir='ltr'><strong>g)</strong></span> <span class='ocrx_word' id='word_1_393' title='bbox 2314 4173 2424 4224; x_wconf 88' lang='lat' dir='ltr'><strong>ppli,</strong></span> <span class='ocrx_word' id='word_1_394' title='bbox 2437 4173 2574 4224; x_wconf 82' lang='lat' dir='ltr'><strong>apud,</strong></span> <span class='ocrx_word' id='word_1_395' title='bbox 2587 4176 2747 4222; x_wconf 80' lang='lat' dir='ltr'><strong>egatos</strong></span> <span class='ocrx_word' id='word_1_396' title='bbox 2759 4173 2872 4211; x_wconf 63' lang='lat' dir='ltr'><strong>abac.</strong></span> 
     </span>
     <span class='ocr_line' id='line_1_51' title="bbox 655 4229 2875 4284; baseline -0.001 -12"><span class='ocrx_word' id='word_1_397' title='bbox 655 4230 705 4284; x_wconf 85' lang='lat' dir='ltr'><strong>h)</strong></span> <span class='ocrx_word' id='word_1_398' title='bbox 735 4233 798 4270; x_wconf 76' lang='lat' dir='ltr'><strong>ita</strong></span> <span class='ocrx_word' id='word_1_399' title='bbox 827 4231 874 4282; x_wconf 83' lang='grc' dir='ltr'><strong>Ρ,</strong></span> <span class='ocrx_word' id='word_1_400' title='bbox 908 4239 935 4273; x_wconf 77' lang='grc' dir='ltr'><strong>δ</strong></span> <span class='ocrx_word' id='word_1_401' title='bbox 965 4237 995 4280; x_wconf 74' lang='lat' dir='ltr'><strong>p</strong></span> <span class='ocrx_word' id='word_1_402' title='bbox 1024 4242 1085 4280; x_wconf 65' lang='grc' dir='ltr'><strong>ας</strong></span> <span class='ocrx_word' id='word_1_403' title='bbox 1118 4231 1634 4281; x_wconf 69' lang='lat' dir='ltr'><strong>quidoeiqmficetneecio</strong></span> <span class='ocrx_word' id='word_1_404' title='bbox 1667 4230 1882 4284; x_wconf 66' lang='lat' dir='ltr'><strong>(sortasse</strong></span> <span class='ocrx_word' id='word_1_405' title='bbox 1899 4231 2029 4271; x_wconf 86' lang='lat' dir='ltr'><strong>mille</strong></span> <span class='ocrx_word' id='word_1_406' title='bbox 2043 4229 2112 4282; x_wconf 67' lang='grc' dir='ltr'><strong>’ὓς</strong></span> <span class='ocrx_word' id='word_1_407' title='bbox 2141 4237 2171 4272; x_wconf 65' lang='grc' dir='ltr'><strong><em>ὃ</em></strong></span> <span class='ocrx_word' id='word_1_408' title='bbox 2201 4229 2402 4284; x_wconf 75' lang='lat' dir='ltr'><strong>(utPertz</strong></span> <span class='ocrx_word' id='word_1_409' title='bbox 2416 4230 2530 4282; x_wconf 66' lang='lat' dir='ltr'><strong>beqit)</strong></span> <span class='ocrx_word' id='word_1_410' title='bbox 2565 4235 2670 4271; x_wconf 70' lang='lat' dir='ltr'><strong>esset</strong></span> <span class='ocrx_word' id='word_1_411' title='bbox 2684 4231 2875 4272; x_wconf 79' lang='grc'><strong>100000.</strong></span> 
     </span>
    </p>
   </div>
  </div>
 </body>
</html>
