3059 4834
604 264 672 314 70
1110 259 1423 313 RICHERI
1458 259 1965 312 HISTORIARUM
2001 258 2226 309 LIBER
2261 258 2339 309 11.

474 447 580 490 ⁹⁴⁷·
603 429 911 496 electione
956 427 1125 509 cleri,
1168 426 1540 494 adolescens
1583 425 1902 512 egregiae,
1959 433 2149 511 atque
2201 446 2242 487 a
2283 425 2520 490 domno
2563 423 2848 490 Artoldo

602 515 951 581 Remorum
993 510 1480 597 metropolitano
1526 519 1936 575 consecratur
1978 509 2341 607 episcopus.

770 598 871 661 61.
932 597 1130 660 Post*
1173 594 1331 660 haec
1371 616 1526 660 vero
1570 616 1688 659 rex
1728 595 1797 656 in
1838 591 2168 678 Belglcam
2227 593 2560 673 concessit,
2617 591 2851 680 ibique

604 683 665 746 ei
692 680 1015 745 locuturus
1047 679 1200 744 Otto
1244 702 1363 744 rex
1373 681 1431 711 *¹*
1478 679 1735 743 obviam
1762 679 1956 742 venit.
2019 675 2122 741 Ac
2154 697 2317 762 quae
2363 697 2443 740 ue
2473 677 2850 742 necessaria

604 763 987 846 ordinantes,
1052 761 1243 828 ambo
1292 784 1481 848 reges
1524 760 1917 847 Aquisgrani
1972 759 2211 847 pascha
2267 781 2341 824 ce
2365 759 2593 824 ebrant
2645 769 2850 847 atque

602 847 801 913 multa
841 848 1196 914 reverentia
1236 869 1375 911 sese
1417 855 1640 910 mutuo
1676 844 2007 926 honorant,
2050 853 2242 932 atque
2262 856 2282 890 ¹
2329 842 2454 907 hoc
2482 842 2566 908 ab
2601 843 2849 910 Ottone

600 931 903 1080 {mpliuffi
947 953 989 994 a
1032 952 1157 1018 quo
1202 931 1395 995 etiam
1412 940 1439 974 ⁸
1481 929 1850 994 Ludovicus
1905 929 2100 1014 regiis
2157 927 2342 992 donis
2393 924 2848 995 liberalissime

649 1026 966 1081 onoratur.

939 1100 1041 1165 62.
1106 1098 1265 1162 Dux
1305 1096 1579 1161 urbemb
1622 1096 2046 1160 Remenseml’
2095 1097 2434 1192 impugnat
2447 1095 2497 1158 b.

768 1183 948 1247 Dum
989 1183 1149 1246 haec
1192 1183 1283 1246 ita
1325 1202 1462 1245 sese
1506 1179 1832 1262 haberent,
1877 1177 2014 1242 dux
2055 1177 2135 1243 de
2176 1200 2346 1263 regis
2389 1179 2625 1242 iniuria
2661 1179 2850 1264 apud

604 1289 753 1332 suos
796 1266 1102 1352 agitabat,
1148 1267 1645 1351 oportunitatem
1685 1264 1756 1326 in
1796 1263 1969 1346 regis
2019 1261 2310 1326 absentia
2351 1283 2662 1345 asserenS,
2711 1284 2848 1348 qua

602 1351 829 1416 urbem
871 1350 1218 1414 Remorum
1262 1349 1494 1433 capiat,
1537 1369 1685 1411 cum
1726 1357 1879 1410 tunc
1921 1345 2075 1410 urbs
2115 1355 2248 1410 tam
2291 1347 2598 1431 episcopo
2643 1369 2850 1432 quam

602 1434 912 1499 militibus
975 1455 1183 1498 vacua
1240 1440 1425 1514 esset,
1489 1453 1609 1494 rex
1671 1431 1866 1494 etiam
1921 1431 1946 1492 i
1995 1451 2062 1493 se
2119 1429 2278 1493 alias
2323 1440 2671 1514 occupatus
2715 1429 2850 1494 alia

604 1527 913 1604 quereret.
1000 1516 1191 1581 Unde
1252 1526 1316 1580 et
1368 1513 1677 1601 possibile
1730 1452 2074 1595 asserebat,
2137 1512 2309 1577 facili
2362 1515 2850 1599 expugnatione

602 1598 832 1665 urbem
874 1601 1049 1684 capi;
1091 1599 1287 1685 idque
1329 1607 1708 1682 attemptare
1753 1618 1892 1660 sese
1933 1596 2276 1682 plurimum
2318 1595 2499 1662 velle.
2584 1598 2850 1678 Quibus

603 1683 837 1748 milites
898 1683 1089 1768 capti,
1149 1683 1217 1745 in
1272 1680 1496 1746 urbem
1554 1679 1894 1745 mittendas
1949 1679 2239 1745 cohortes
2292 1691 2566 1746 censent.
2655 1682 2851 1762 Quae

606 1766 910 1832 collectae
955 1787 1102 1830 cum
1144 1766 1307 1830 duce
1349 1764 1747 1852 gradiuntur.
1832 1764 2078 1829 Urbem
2122 1773 2434 1850 appetunt
2476 1775 2541 1829 et
2571 1766 2850 1829 circum·

607 1871 860 1938 quaque
926 1849 1256 1916 obsidione
1320 1859 1640 1935 premunt.
1747 1847 2213 1912 Diffimduntur
2277 1870 2532 1935 quoque
2596 1851 2850 1934 passim

604 1943 799 2021 atque
848 1933 1239 1999 frumentum
1295 1956 1379 1998 ex
1436 1932 1595 1997 locis
1655 1932 1973 2018 contiguis
2026 1933 2095 1994 in
2147 1953 2336 1996 usum
2392 1954 2652 2018 pugnae
2695 1954 2850 1998 con-

602 2027 878 2084 vectant.
991 2017 1218 2083 Castra
1286 2017 1475 2081 fossis
1553 2017 1851 2080 muniunt
1923 2013 2333 2102 cratibusque
2418 2015 2850 2082 circumdant.

602 2103 898 2188 Pugnam
926 2125 997 2167 er
1044 2124 1081 2166 o
1110 2103 1177 2165 in
1206 2101 1382 2166 dies*
1409 2111 1563 2165 auta
1593 2098 1791 2164 semel
1817 2110 1928 2164 aut
1969 2099 2068 2163 bis
2098 2098 2395 2164 inferunt.
2460 2100 2598 2164 Nec
2627 2103 2852 2165 minus

605 2196 669 2252 et
712 2189 883 2250 cives
925 2209 1006 2251 ve
1053 2186 1483 2251 ementissime
1527 2185 1848 2249 resistunt.
1919 2183 2187 2268 Iamque
2217 2182 2284 2246 id
2315 2182 2542 2248 diebus
2571 2206 2850 2250 numero

606 2270 647 2334 9
692 2269 1044 2355 agitabant,
1090 2291 1237 2334 cum
1280 2291 1500 2355 regem
1545 2266 1706 2332 adeo
1750 2266 1887 2331 indi
1978 2276 2151 2330 atum
2194 2266 2446 2352 regredi
2490 2265 2573 2331 ab
2627 2269 2846 2334 obser·

603 2354 933 2420 vatoribus
989 2354 1332 2418 nuntiatur.
1419 2352 1508 2416 Et
1558 2373 1711 2415 mox
1754 2349 1894 2415 obsi
1943 2351 2084 2415 ‘one
2128 2349 2350 2434 soluta,
2416 2351 2853 2418 duodecima⁰

606 2436 709 2502 die
730 2449 753 2484 ²
796 2439 897 2503 ab.
925 2435 1082 2501 urbe
1126 2436 1479 2501 discedunt.

773 2522 874 2586 63.
935 2521 1072 2585 Nec
1114 2522 1227 2584 diu
1269 2528 1554 2584 moratus
1594 2541 1713 2583 rex
1745 2517 1973 2582 urbem
2002 2518 2432 2583 succurrendo
2462 2519 2852 2604 ingreditur.

603 2606 665 2668 A
712 2604 801 2668 ud
867 2626 1058 2690 quem
1123 2625 1279 2667 mox
1383 2603 1660 2687 rincipes
1717 2600 1984 2684 collecti,
2048 2600 2129 2665 de
2187 2602 2323 2666 eius
2379 2624 2457 2666 ac
2518 2607 2856 2670 communi

604 2626 804 2752 salute
850 2685 1223 2751 consultant.
1369 2696 1396 2749 t
1440 2687 1593 2772 quia
1633 2707 1847 2750 rerum
1889 2683 2128 2750 utilitas
2171 2685 2515 2750 Ottonemd
2560 2687 2857 2754 consiliis

753 2812 774 2836 *
1197 2812 1208 2824 .
1279 2812 1291 2824 .
1573 2811 1584 2823 .
1750 2811 1762 2822 .
1908 2811 1920 2823 .
2239 2808 2252 2822 .

778 2812 801 2879 )
838 2811 2856 2950 {3200133102231225311003222..ss:5'2‘33'3‘..535⁸:225200‘203ti22323⁴ss

846 2957 1057 3009 Celtica
1102 2958 1215 3008 fere
1266 2973 1449 3009 omnes
1502 2959 1759 3024 episcopi,
1813 2958 2052 3021 abbates,
2098 2959 2320 3009 comites
2361 2965 2415 3010 et
2451 2959 2680 3020 nobiles,
2733 2963 2853 3015 illis

844 3031 1103 3082 duntaxat
1142 3032 1381 3098 exceptis
1419 3032 1512 3096 qui
1549 3037 1731 3098 partes
1772 3032 1924 3083 ducis
1961 3031 2208 3096 Hugonis
2247 3033 2625 3097 sequebantur.
2683 3034 2853 3087 Com·

845 3105 991 3154 muni
1041 3106 1275 3155 omnium
1328 3103 1545 3155 decreto
1584 3105 1849 3167 statuitur,
1887 3108 1947 3154 ut
1982 3105 2166 3170 regiae
2206 3103 2485 3170 dignitatis
2526 3122 2691 3158 causa
2731 3108 2854 3161 dis·

840 3181 1127 3244 poneretur
1162 3178 1307 3244 apud
1345 3191 1528 3242 regem
1567 3177 1825 3241 Magnum
1864 3177 2134 3241 Ottonem,
2166 3193 2229 3228 eo
2270 3177 2413 3243 quod
2461 3181 2580 3246 ipse
2616 3185 2752 3231 tunc
2793 3183 2854 3232 in

839 3250 1068 3316 Belgica
1100 3255 1406 3310 moraretur,
1448 3255 1502 3300 et
1540 3248 1686 3317 apud
1724 3248 1879 3313 alios,
1918 3251 2483 3317 quorum-prudentiae
2508 3268 2594 3304 res
2619 3254 2854 3320 publica

839 3324 1111 3376 videretur
1136 3322 1583 3375 commendanda.
1660 3323 1733 3374 Et
1780 3322 1975 3388 legatis
2013 3325 2259 3389 utrinque
2299 3323 2537 3389 directis,
2576 3341 2670 3377 rex
2711 3328 2850 3380 Otto

840 3396 1033 3449 indicit
1082 3395 1407 3464 colloquium
1446 3395 1703 3462 generale
1759 3397 1816 3446 in
1872 3395 2074 3463 palatio
2129 3397 2456 3463 Aquisgrani
2513 3400 2584 3450 ad
2642 3400 2852 3452 festum

841 3469 1143 3522 dominicae
1198 3471 1606 3522 resurrectionis
1662 3470 1901 3536 proxime
1952 3468 2276 3521 habendum.
2365 3469 2454 3536 (A.
2494 3468 2648 3538 949.)
2687 3473 2850 3527 Anno

837 3548 1152 3610 praenotato
1189 3558 1283 3593 rex
1320 3544 1449 3596 Otto
1496 3548 1552 3594 et
1584 3541 1896 3594 Ludovicus
1923 3541 2198 3594 Gallorum
2235 3545 2386 3595 iuxta
2418 3544 2729 3596 condictum
2775 3547 2852 3598 ad

836 3617 1031 3667 festum
1084 3616 1384 3668 dominicae
1427 3617 1836 3668 resurrectionis
1883 3618 1940 3666 in
1983 3617 2308 3682 Aquisgrani
2355 3620 2712 3683 conveniunt3
2773 3620 2851 3672 ad

840 3705 973 3754 quas
1012 3704 1043 3738 e
1082 3688 1371 3740 Germania
1409 3694 1464 3740 et
1501 3688 1682 3741 Gallia
1717 3689 1959 3740 nonnulli
1999 3705 2210 3757 quoque
2244 3691 2533 3757 principes,
2574 3695 2847 3762 episcopi,

839 3762 1063 3812 abbates
1091 3765 1146 3812 et
1171 3763 1393 3812 comites
1421 3762 1806 3820 confluxerunt,
1835 3764 1925 3828 qui
1952 3778 2134 3813 omnes
2163 3777 2281 3813 cum
2309 3780 2516 3816 summa
2535 3769 2850 3818 reverentia

840 3839 894 3885 et
928 3834 1127 3885 honore
1166 3838 1411 3885 sanctum
1448 3835 1656 3900 pascha
1679 3836 1735 3884 in
1764 3833 1908 3886 dieto
1934 3834 2136 3901 palatio
2171 3835 2559 3890 celebrarunt&

723 3905 793 3973 *⁸)
833 3907 1093 3972 Belgicae
1132 3906 1261 3959 add.
1304 3905 1352 3957 1.

702 4013 763 4114 ⁸a)
800 4021 901 4066 post
916 4017 1019 4058 add.
1138 4014 1185 4066 b)
1219 4015 1359 4063 rbem,
1392 4026 1554 4057 ensem
1583 4017 1664 4068 im,
1697 4019 1779 4057 nat
1808 4015 1920 4056 abac.
2025 4014 2067 4067 c)
2101 4017 2281 4058 decima
2314 4020 2357 4061 1.
2462 4018 2510 4071 d)
2542 4029 2626 4068 reg
2654 4020 2850 4062 ccv-ibere

600 4085 701 4126 coep
719 4085 805 4117 wm.

752 4166 808 4234 1)
828 4170 1047 4221 Richeri
1064 4169 1511 4221 additamentum.
1637 4170 1692 4233 2)
1721 4175 1899 4221 octavo
1909 4176 2194 4236 postquam
2214 4171 2550 4225 advenerant
2567 4173 2655 4226 die
2673 4175 2844 4231 Flod.

622 4243 679 4306 3)
706 4243 856 4304 Quae
883 4247 942 4294 ut
966 4241 1137 4294 seculi
1162 4242 1313 4294 XVI.
1342 4244 1780 4293 commentarium
1805 4242 2002 4296 nullius
2029 4245 2363 4298 auctoritatis
2403 4263 2537 4311 esse,
2577 4253 2750 4315 patet.
2775 4250 2845 4301 P.
