3059 4834
545 256 648 305 152
1017 254 1321 305 RICHERI
1359 251 1863 303 HISTORIARUM
1901 250 2124 301 LIBER
2160 250 2296 301 IIII.

421 439 522 481 991.
544 421 881 486 comitibus
928 419 1219 483 lucorum
1275 418 1626 499 anfractus,
1684 439 1815 481 non
1868 416 2123 482 defuere
2185 415 2516 482 infortunii
2571 438 2793 483 casus.

385 498 523 543 ΜΨ·
540 505 710 570 Nam
751 504 1112 569 fallentibus
1157 502 1365 584 biviis,
1420 524 1536 566 sex
1577 501 1911 586 leugarum
1968 523 2044 564 su
2092 500 2403 565 erfluitate
2458 501 2787 567 exorbita-

540 590 772 653 vimus,
845 588 1247 651 Transmisso
1290 608 1440 650 vero
1485 584 1828 649 Teodorici
1870 593 2043 649 caste
2091 607 2147 665 0,
2192 585 2587 669 parvaredus
2630 595 2788 651 ante

541 674 718 737 visus
761 670 1152 756 bucephalus
1197 669 1336 735 fieri
1397 671 1612 755 coepit
1654 667 1848 733 asello
1890 667 2338 733 tardiusculus„
2414 669 2559 733 Iam
2602 668 2700 733 sol
2740 692 2793 733 a.

543 754 971 819 mesembrino
1015 754 1410 832 discesserat,
1453 762 1717 838 totoque
1760 775 1906 817 aere
1948 754 2016 815 in
2051 752 2307 899 pluvias
2337 751 2669 835 dissolutO,
2712 753 2787 817 in

544 860 842 903 occasum
883 837 1208 922 vergebat,
1267 860 1415 902 cum
1455 837 1635 900 fortis
1678 834 1783 900 ille
1823 836 2051 901 bucefa
2076 859 2148 899 us
2202 858 2501 922 supremo
2557 835 2789 901 labore

540 923 767 1005 victus,
810 924 976 987 inter
1015 922 1258 986 femora
1298 921 1633 985 insidentis
1672 921 1859 1019 pueri
1902 920 2200 985 deficiens
2232 922 2485 1003 corruit,
2516 930 2580 985 et
2607 920 2795 986 velut

540 1006 788 1091 fulgure
831 1008 1151 1085 traiectus,
1195 1014 1375 1069 sexto
1389 1016 1416 1046 ἃ
1459 1004 1730 1069 miliano
1775 1002 1856 1067 ab
1886 1003 2045 1069 urbe
2075 1005 2444 1091 exspiravit.
2520 1004 2793 1085 Quanta

540 1100 696 1155 tunc
739 1088 860 1154 fuit
900 1089 1317 1175 perturbatiO,
1363 1099 1601 1176 quanta
1630 1089 1939 1167 anxietaS,
1985 1087 2076 1151 illi
2117 1088 2514 1173 perpendere
2544 1087 2783 1171 valent,

543 1176 652 1271 qui
709 1195 893 1238 casus
951 1171 1186 1255 similes
1245 1172 1589 1258 aliquando
1642 1173 1932 1257 perpessi
1984 1182 2148 1253 sunt,
2207 1181 2271 1235 et
2322 1194 2406 1235 ex
2461 1171 2789 1237 similibus

543 1257 776 1321 similia
821 1256 1140 1343 colligant.
1213 1258 1382 1321 Puer
1421 1257 1797 1341 inexpertus
1840 1256 1999 1319 tanti
2040 1256 2284 1319 itineris
2314 1254 2789 1337 difficultatem,

541 1340 746 1405 fessus
789 1351 922 1407 toto
969 1362 1235 1427 corpore
1279 1362 1443 1426 equo
1488 1342 1722 1405 amisso
1774 1338 2041 1404 iacebat.
2127 1339 2226 1402 Im
2277 1340 2613 1409 edimenta.
2642 1340 2788 1405 sine

542 1435 797 1489 vectore
842 1426 1124 1489 aderant.
1211 1424 1458 1489 Imbres
1515 1424 1713 1487 nimia
1769 1423 2083 1487 infusione
2134 1445 2247 1487 rue
2293 1433 2421 1491 ant.
2511 1422 2791 1487 Caelum

542 1507 764 1573 nubila
804 1508 1237 1593 pretendebat.
1327 1507 1438 1573 Sol
1479 1509 1609 1571 iam
1651 1509 1718 1570 in
1760 1528 1995 1571 occasu
2042 1506 2408 1571 minabatur
2455 1505 2785 1572 tenebraS.

541 1592 717 1655 Inter
779 1590 936 1656 haec
1000 1593 1214 1655 omnia
1287 1589 1604 1655 dubitanti
1677 1589 2012 1655 consilium
2071 1614 2110 1654 a
2166 1591 2309 1654 Deo
2374 1612 2504 1655 non
2559 1590 2789 1657 defuit.

541 1675 822 1738 Puerum
863 1696 1140 1760 namque
1185 1695 1328 1737 cum
1371 1675 1843 1759 impedimentis
1884 1672 1978 1736 ibi
2016 1673 2276 1760 reliqui3
2322 1673 2692 1761 dictatoque
2722 1677 2789 1739 ei

544 1756 699 1843 quid
748 1759 1171 1843 interrogatus
1216 1781 1256 1822 a
1296 1758 1769 1823 transeuntibus
1828 1758 2240 1843 responderet
2308 1767 2370 1822 et
2438 1769 2509 1823 ut
2551 1780 2793 1823 somno-

540 1842 897 1906 imminenti
938 1842 1273 1924 resisteret,
1317 1841 1448 1905 solo
1494 1842 1705 1940 equite
1737 1840 2081 1907 Carnotino
2114 1843 2469 1923 comitatuS,
2510 1841 2784 1907 Meldim

587 1928 821 1989 erveni.
906 1925 1177 1990 Pontem
1222 1948 1473 2013 quoque
1515 1948 1632 1991 vix
1676 1926 1753 1990 de
1796 1925 1937 1989 luce
1981 1926 2227 2007 videnS,
2272 1925 2613 2009 ingredior.
2692 1926 2791 1991 Et

539 1948 695 2073 dum
739 2008 1104 2095 diligentius
1150 2009 1629 2096 contemplarer,
1681 2011 1863 2073 novis
1906 2011 2136 2073 iterum
2178 2008 2538 2073 infortuniis
2585 2032 2781 2094 ange-

539 2091 676 2157 bar.
764 2094 986 2157 Tantis
1051 2094 1222 2157 enim
1287 2102 1350 2158 et
1409 2103 1504 2158 tot
1568 2093 1845 2158 hiatibus
1903 2093 2181 2177 patebat,
2240 2103 2312 2157 ut
2366 2094 2481 2158 vix
2534 2094 2777 2158 civium

537 2178 882 2241 necessarii
925 2176 1027 2241 die
1071 2177 1294 2241 eadem
1336 2200 1455 2263 per
1483 2199 1630 2241 eum
1659 2178 2041 2241 transierint.
2108 2176 2489 2241 Carnotinus
2520 2178 2789 2263 inpiger

540 2271 603 2325 et
645 2262 712 2323 in
755 2260 1121 2345 peragendo
1165 2262 1388 2325 itinere
1433 2262 1587 2325 satis
1622 2260 1947 2345 providuS,
1992 2259 2351 2324 naviculam
2382 2262 2619 2325 circum
2668 2283 2787 2326 ua-

542 2365 665 2429 que
708 2345 1032 2431 inquirens
1078 2354 1142 2409 et
1181 2343 1421 2408 nullam
1461 2345 1812 2427 inveniens,
1856 2344 1939 2407 ad
1982 2347 2193 2429 pontis
2237 2343 2525 2429 pericula
2566 2368 2635 2408 re
2684 2346 2787 2429 iit,

539 2436 603 2492 et
644 2438 714 2492 ut
756 2430 905 2513 equi
944 2427 1293 2492 incolumes
1337 2428 1911 2491 transmitterentur
1954 2452 1988 2493 e
2033 2428 2207 2492 caelo
2252 2430 2532 2493 emeruit.
2609 2428 2782 2493 Nam

537 2513 606 2575 in
647 2511 805 2576 locis
847 2511 1168 2576 hiantibus
1227 2533 1261 2575 e
1309 2533 1536 2575 uorum
1594 2512 1865 2596 pedibus
1907 2510 2251 2597 aliquando
2304 2511 2585 2611 clipeum
2628 2512 2789 2577 sub-

539 2594 716 2677 denS,
760 2593 1100 2681 aliquando
1143 2593 1298 2659 tabu
1322 2616 1392 2657 as
1437 2594 1717 2659 abiectas
1747 2596 2118 2680 adiungens,
2162 2598 2354 2661 modo
2384 2605 2785 2679 incurvatus,

538 2678 729 2743 modo
789 2688 1054 2761 erectuS,
1111 2677 1303 2741 modo
1360 2678 1669 2742 accedens
1682 2728 1701 2759 ,
1759 2680 1949 2743 modo
2007 2702 2375 2762 recurrenS,
2429 2680 2785 2744 efficaciter

539 2784 690 2826 cum
735 2764 915 2847 equis
958 2785 1060 2825 me
1107 2762 1447 2826 comitante
1488 2764 1881 2845 pertransiit.
1954 2763 2105 2826 Nox
2146 2764 2547 2828 inhorruerat
2590 2786 2782 2827 mun-

540 2845 821 2931 dumque
864 2853 1026 2909 tetra
1069 2845 1336 2930 caligine
1382 2846 1757 2929 obduxerat,
1805 2870 1951 2910 cum
1988 2846 2323 2912 basilicam
2366 2848 2567 2911 sancti
2609 2847 2783 2911 Pha-

537 2931 712 2994 ronis
741 2930 974 3011 introii,
996 2929 1296 2993 fratribus
1327 2930 1537 2994 adhuc
1568 2932 1944 3016 parantibus
1973 2940 2199 3016 potum
2231 2932 2510 2995 caritatis
2528 2944 2572 2994 ¹.
2626 2930 2783 3011 Qua.

537 3012 641 3077 die
684 3010 1114 3097 sollempniter
1155 3022 1547 3098 pranserant,
1601 3016 1863 3079 recitato
1924 3014 2201 3099 capitulo
2219 3016 2248 3057 b
2304 3015 2384 3079 de
2441 3012 2777 3079 cellarario

535 3097 922 3179 monasterii,
969 3096 1138 3182 quod
1181 3097 1303 3161 fuit
1343 3119 1537 3161 causa
1578 3107 1710 3161 tam
1755 3120 1931 3161 serae
1982 3099 2343 3183 potationis
2428 3096 2491 3161 A
2537 3097 2777 3183 quibus

534 3188 606 3243 ut
646 3178 842 3244 frater
884 3190 1212 3265 exceptuS,
1269 3180 1564 3245 dulcibus
1607 3180 1903 3266 alloquiis
1963 3182 2249 3268 cibisque
2308 3182 2781 3247 sufficientibus

533 3274 854 3329 recreatus
897 3287 1056 3329 sum.
1147 3264 1565 3331 Carnotinum
1611 3266 1889 3349 equitem
1944 3289 2091 3331 cum
2150 3267 2329 3352 equis
2370 3269 2570 3329 vitata
2594 3328 2597 3331 ,
2612 3288 2777 3352 pon·

533 3348 612 3413 tis
631 3360 656 3391 ⁶
733 3347 1016 3433 pericula
1089 3350 1318 3413 iterum
1381 3358 1905 3433 attemptaturum
1982 3371 2181 3436 puero
2242 3348 2462 3414 relicto
2527 3351 2781 3413 remisi-

531 3430 691 3496 Arte
733 3433 1046 3517 premissa
1087 3433 1470 3518 pertransiit.
1544 3433 1632 3496 Et
1673 3432 1758 3495 ad
1802 3455 2074 3518 puerum
2120 3433 2400 3497 secunda
2440 3434 2645 3496 noctis
2676 3434 2779 3497 vi-

532 3514 686 3600 gilia
729 3514 1124 3580 errabundus
1167 3516 1476 3601 pervenit.
1564 3516 1697 3581 Vix
1743 3540 1822 3582 ue
1866 3540 2014 3581 eum
2056 3518 2309 3602 saepius
2350 3515 2779 3580 inclamatum:

530 3599 833 3685 repperit.
921 3600 1067 3681 Quo
1111 3609 1438 3685 assumpto
1484 3622 1634 3664 cum
1676 3538 1759 3663 atil
1803 3602 2028 3665 urbem
2082 3600 2460 3682 devenisset,
2512 3621 2767 3685 suspec-

531 3694 633 3747 tus
675 3684 888 3767 pontis
945 3681 1247 3771 pericula,
1309 3706 1471 3769 quae
1526 3685 1874 3769 pernitiosa
1934 3686 2371 3771 experimento
2432 3682 2780 3767 didicerat,

532 3788 680 3830 cum
723 3789 922 3853 puero
967 3777 1031 3832 et
1071 3768 1252 3853 equis
1295 3768 1365 3830 in
1395 3768 1727 3832 cuiusdam
1753 3770 2077 3853 tugurium
2108 3765 2469 3832 declinavit.
2532 3767 2779 3854 Ibique.

529 3873 648 3935 per
689 3860 888 3915 totam
931 3849 1100 3914 diem
1143 3850 1432 3935 incibati,
1468 3861 1655 3915 nocte
1697 3850 1805 3915 illa
1848 3852 1932 3916 ad
1975 3852 2455 3938 quiescendum,
2506 3873 2637 3916 non
2680 3850 2770 3915 ad

532 3933 892 3999 cenandum
947 3932 1195 3998 collecti
1239 3946 1401 4000 sunt.
1488 3936 1705 4015 Quam
1756 3945 2011 3999 noctem
2053 3946 2125 3999 ut
2164 3936 2523 3999 insomnem
2566 3936 2774 3999 duxe-

529 4018 652 4080 rim
705 4026 769 4082 et
819 4026 1054 4104 quanto
1083 4019 1151 4080 in
1181 4041 1257 4083 ea
1287 4020 1571 4084 cruciatu
1596 4028 1800 4084 tortus
1819 4020 1848 4061 ‘¹
1878 4020 2017 4102 sim,
2049 4018 2444 4107 perpendere
2472 4028 2773 4103 possunt,

648 4141 694 4195 a)
726 4144 863 4184 tertio
898 4147 938 4185 1.
1058 4143 1106 4197 b)
1143 4148 1245 4196 cas).
1278 4156 1314 4188 c.
1434 4144 1476 4198 c)
1508 4146 1573 4185 bie
1601 4147 1807 4196 scriptum
1848 4150 1956 4186 erat.
2036 4145 2082 4199 d)
2115 4150 2307 4187 vexatus
2337 4156 2549 4195 cuper-scr.
2596 4149 2765 4190 tortus.

679 4234 735 4301 1)
774 4237 930 4299 Quod
985 4240 1042 4290 in
1111 4239 1290 4291 media
1347 4242 1765 4307 quadragesima.
1816 4242 1913 4293 die·
1962 4242 2104 4293 Iovis
2120 4279 2139 4306 ,.
2190 4244 2351 4297 Mart.
2411 4240 2478 4291 18
2496 4278 2515 4303 ,‚
2566 4241 2769 4305 fuisse,

529 4315 714 4361 censet
752 4310 1110 4377 Poinsognon.

3018 1086 3036 1189 -Α--ιίΔ
3031 1036 3036 1071 -...
