3059 4834
672 276 980 329 RIC'HERI
1019 277 1529 329 HISTORIARUM
1566 277 1792 330 LIBER
1828 279 1938 331 111.
2365 286 2468 334 101

229 443 505 508 mathesi
546 465 616 508 se
661 444 811 508 satis
864 465 1075 530 posse,
1129 443 1376 529 logicae
1428 435 1584 508 vero
1637 446 1970 510 scientiam
2024 471 2092 514 se
2135 449 2468 518 addiscere

228 527 415 611 velle,
458 528 811 676 respondit.
912 525 1019 592 Ad
1076 549 1271 612 quam
1315 529 1466 614 quia
1506 530 1846 616 pervenire
1889 530 2285 618 moliebatur,
2341 557 2471 600 non

228 612 392 676 adeo
437 613 506 675 in
596 612 838 676 ocendo
882 611 975 676 ibi
1018 620 1301 675 moratus
1342 621 1457 676 est.

356 751 457 814 45.
527 748 721 831 Quod
762 749 891 813 aba
937 749 1172 816 Ottone
1215 773 1365 836 rege
1412 749 1494 815 Gr.
1538 750 1748 836 logico
1793 755 2207 820 commissusa
2251 759 2351 823 sit.

218 913 225 919 .
401 853 547 932 Quo
601 862 730 916 tem
782 873 891 917 ore
952 851 1073 920 Gr.¹
1116 852 1532 917 Remensium
1573 854 2105 939 archidiaconusb
2149 859 2216 922 in
2257 859 2469 946 logica

226 935 619 1000 clarissimus
663 935 747 999 ha
794 934 1040 1000 ebatur.
1145 937 1275 1018 Qui
1333 937 1563 1001 etiam⁰
1617 959 1657 1000 a
1711 937 2014 1003 Lothario
2071 942 2467 1007 Francorum

226 1042 383 1104 rege
428 1019 698 1084 eademd
741 1021 1158 1105 tempestated
1203 1020 1425 1087 Ottoni
1466 1021 1606 1106 regi
1625 1021 1855 1108 italiae
1896 1023 2144 1110 legatus
2175 1027 2468 1106 ,directus

229 1113 344 1168 est.
432 1102 635 1168 Cuius
678 1103 963 1168 adventu
1016 1105 1265 1169 iuvenis
1322 1102 1732 1189 exhilaratUS‚
1792 1129 2011 1191 regem
2065 1109 2224 1174 adiit
2276 1120 2467 1198 atque

227 1199 300 1252 ut
332 1187 413 1250 Gr.
463 1188 969 1252 committeretur
1012 1190 1309 1274 optinuit.
1377 1189 1466 1252 Et
1497 1187 1560 1253 G
1565 1237 1660 1253 .....
1667 1211 1704 1254 o
1795 1213 1864 1254 er
1906 1189 2149 1278 aliquot
2178 1203 2468 1280 tempora

226 1271 435 1336 haesit
475 1272 839 1370 Remosque
898 1270 981 1336 ab
1038 1295 1112 1336 eo
1159 1272 1467 1336 deductus
1512 1282 1624 1336 est.
1711 1213 1790 1336 K
1819 1297 1944 1361 quo
1990 1278 2181 1341 etiam
2219 1278 2466 1364 logicae

228 1356 560 1420 scientiam
614 1355 972 1440 acclpiens,
1036 1357 1105 1419 in
1146 1356 1330 1422 brevi
1383 1355 1732 1420 admodum
1790 1359 2077 1444 profecit.
2157 1360 2238 1426 Gr.
2290 1386 2464 1446 vem,

228 1462 374 1503 cum
416 1439 687 1504 mathesi
730 1461 765 1502 o
818 1461 993 1503 eram
1037 1439 1238 1515 daret,
1286 1441 1439 1504 artis
1472 1439 1846 1506 difficultate
1877 1443 2102 1523 victus,
2149 1468 2188 1509 a
2221 1447 2467 1511 musica

223 1525 497 1588 reiectus
543 1532 656 1588 est.
810 1524 1095 1588 erbertus
1113 1537 1157 1567 ⁰·
1199 1525 1483 1589 interead
1529 1525 1884 1590 studiorum
1937 1528 2266 1594 nobilitate
2369 1555 2464 1596 re-

227 1609 398 1672 dicto
444 1607 936 1694 metropolitano
983 1609 1485 1689 commendatae,
1534 1611 1670 1672 eius
1713 1613 1990 1758 gratiam
2019 1633 2131 1696 pre
2166 1634 2338 1678 omni
2385 1639 2462 1680 us

222 1693 595 1778 promeruit.
701 1691 893 1756 Unde
960 1701 1024 1757 et
1081 1693 1164 1756 ab
1231 1715 1305 1758 eo
1362 1703 1644 1777 rogatUS,
1756 1693 2174 1782 iscipulorum
2217 1708 2459 1764 turmas

222 1774 468 1841 artibus
512 1777 918 1840 instruendas
961 1777 1021 1840 ei
1062 1776 1370 1840 adhibuit.

304 1897 409 1961 46.
475 1895 681 1976 Quem
731 1897 1057 1960 ordinem⁰
1101 1895 1451 1960 librorume
1506 1898 1576 1958 in
1619 1895 1947 1984 docend00
1995 1901 2272 1965 servavit
2287 1915 2329 1965 θ.

396 1996 814 2061 Dialecticam
858 2019 1009 2080 ergo
1070 1997 1290 2060 ordine
1343 1997 1653 2062 librorum
1711 2019 2110 2082 percurrens,
2166 2000 2458 2066 dilucidis

223 2082 677 2146 sententiarum
723 2079 939 2145 verbis
986 2079 1301 2144 enodavit.
1392 2081 1698 2166 Inprimis
1743 2083 1913 2144 enim
1948 2081 2273 2167 Porphirii
2313 2107 2458 2170 ysa-

216 2187 443 2250 gogas,
507 2164 575 2228 id
635 2173 731 2228 est
790 2163 1311 2244 introductioneS,
1374 2163 1726 2228 secundum
1781 2164 2096 2229 Victorini
2145 2166 2458 2232 rhethoris

218 2247 721 2328 translationem,
764 2245 914 2317 inde
945 2247 1138 2310 etiam
1168 2247 1429 2310 easdem
1468 2247 1816 2312 secundum
1847 2248 2196 2314 Manlium²
2242 2251 2457 2338 expla-

220 2333 422 2395 navit.
538 2329 1095 2415 Cathegoriarum,
1174 2331 1243 2393 id
1316 2340 1413 2395 est
1481 2331 2102 2416 predicamentorum
2117 2383 2138 2414 ,
2220 2334 2457 2400 librum

222 2411 620 2478 Aristotelisf
668 2423 1128 2512 consequenter
1184 2413 1544 2478 enucleans.
1627 2416 2127 2481 Periermenias³
2170 2440 2344 2502 ver0,
2387 2418 2458 2484 id

224 2506 323 2562 est
379 2497 459 2562 de
515 2498 1033 2583 interpretauone
1088 2497 1351 2580 librum,
1419 2500 1600 2562 cuius
1655 2498 1891 2564 laboris
1951 2501 2059 2584 sit,
2127 2505 2456 2588 aptissime

218 2583 621 2645 monstravit.
706 2581 867 2646 Inde
911 2583 1104 2647 etiam
1148 2583 1382 2668 topica,
1438 2583 1507 2647 id
1551 2592 1647 2647 est
1687 2594 2205 2668 argumentorum
2250 2587 2455 2672 sedeS‚

217 2687 259 2728 a
303 2663 513 2730 Tullio
560 2666 639 2729 de
688 2666 898 2730 Greco
941 2667 1009 2730 in
1050 2665 1352 2730 Latinum
1395 2666 1717 2751 translata,
1763 2677 1825 2733 et
1859 2689 1898 2730 a
1925 2667 2166 2735 Manlio
2197 2671 2454 2737 consule
2562 2697 2568 2702 ·

216 2770 337 2812 sex
416 2751 1015 2817 commentariorum
1086 2749 1267 2813 libris
1340 2750 1718 2834 dilucidata,
1803 2753 1932 2816 suis
1952 2763 1981 2807 8
2051 2753 2450 2822 auditoribus

213 2833 553 2898 intimavit.

444 2956 549 3019 47.
616 2954 790 3034 Quid
832 2954 1300 3040 provehendis1¹
1343 2953 1761 3020 rhethoricis1¹
1805 2957 2220 3042 providerith.

383 3055 675 3121 Neon-oni
720 3065 784 3120 et
827 3068 1104 3142 quatuor
1134 3056 1213 3120 de
1244 3057 1475 3142 topicis
1506 3057 1878 3122 differentiis
1906 3059 2123 3142 libros,
2168 3060 2246 3124 de
2287 3059 2451 3126 sillo-

214 3140 443 3223 gismis
474 3140 895 3225 cathegoricis
925 3141 1109 3223 duos,
1155 3139 1233 3204 de
1262 3141 1646 3226 ypotheticis
1675 3150 1824 3224 treS‚
1872 3141 2452 3230 diffinitionumque

212 3221 449 3288 librum
514 3247 734 3306 unum,
807 3223 1197 3288 divisionum
1262 3226 1509 3310 aequek
1577 3247 1795 3304 unum,
1867 3225 2110 3290 utiliter
2170 3225 2325 3312 legit
2388 3237 2453 3291 et

209 3309 549 3393 expressit.
637 3308 795 3373 Post
881 3329 1111 3371 uorum
1152 3306 1455 3389 laborem,
1517 3330 1664 3376 cum
1708 3308 1793 3372 ad
1833 3307 2260 3372 rhethoricam
2302 3331 2450 3373 suos

212 3391 565 3478 provehere
595 3389 805 3474 vellet,
834 3393 856 3454 i
932 3391 1053 3457 sibi
1086 3401 1455 3476 suspectum
1484 3403 1638 3472 erat,
1687 3390 1860 3477 quod
1892 3393 2027 3455 sine
2057 3390 2449 3456 locutionum

212 3475 441 3558 modis,
490 3476 601 3574 qui
640 3477 710 3540 in
751 3475 957 3560 poetis
1002 3474 1290 3539 discendi
1332 3483 1497 3554 sunt,
1542 3473 1626 3537 ad
1658 3474 1999 3538 oratoriam
2027 3485 2227 3540 artem
2257 3477 2450 3541 anted

211 3560 536 3645 pervenirl
603 3581 735 3624 non
792 3567 1001 3646 queat.
1100 3558 1333 3622 Poetas
1404 3558 1600 3641 igitur
1663 3557 1988 3639 adhibuit,
2098 3559 2286 3624 uibus
2355 3583 2452 3624 as-

212 3643 595 3709 suescendos
638 3643 1079 3710 arbitrabatur.
1144 3641 1335 3727 Legit
1374 3642 1592 3726 itaque
1635 3664 1712 3705 ac
1756 3642 1970 3707 docuit
2082 3665 2341 3710 aronem
2387 3653 2452 3709 et

216 3726 493 3792 Statium
524 3727 1021 3813 Terentiumque
1050 3736 1293 3812 poetas.
1365 3725 1736 3790 Iuvenalem
1768 3748 2020 3813 quoque
2049 3749 2126 3791 ac
2156 3728 2448 3792 Persium

330 3916 376 3970 a)
412 3918 486 3970 ab,
520 3918 595 3970 G„
628 3919 815 3960 commis
844 3918 958 3957 abac.
1059 3916 1107 3969 b)
1140 3916 1345 3968 archiepi
1373 3917 1555 3957 scribere
1582 3922 1788 3966 coeptum.
1881 3915 1922 3968 c)
1957 3928 2060 3957 cum
2095 3919 2134 3958 1.
2227 3913 2290 3970 θ’)
2324 3917 2379 3959 G.
2413 3931 2449 3962 e.

210 3975 259 4030 d)
284 3983 387 4028 poet
415 3979 517 4019 aad.
608 3977 654 4031 e)
688 3989 753 4028 or,
781 3977 886 4028 libr,
918 3977 992 4028 do,
1023 3987 1101 4017 >ser
1128 3977 1241 4018 abeo.
1332 3973 1369 4028 s)
1400 3977 1622 4016 Aristelis
1637 3988 1672 4016 c.
1763 3973 1809 4026 g)
1841 3977 1916 4016 sui
1943 3987 2058 4019 corr.
2091 3976 2203 4016 sui-s.
2293 3975 2344 4030 h)
2376 3988 2448 4030 vo,

211 4037 315 4089 icis,
349 4038 387 4077 it
416 4037 529 4076 abac.
652 4035 686 4088 i)
718 4038 813 4078 Nec
844 4047 957 4074 corr.
986 4036 1193 4076 Necnon.
1313 4033 1363 4086 k)
1396 4045 1580 4085 quoque
1611 4036 1826 4076 similiter
1858 4037 1900 4074 1.

362 4183 419 4254 1)
452 4186 737 4240 Gai-annus
794 4186 1207 4238 archidiaconus
1256 4185 1461 4250 synodo
1523 4202 1573 4236 a.
1625 4185 1750 4237 972.
1802 4186 2142 4254 subscr-ipsiu
2203 4187 2452 4240 Hatduin

216 4257 383 4312 Cone.
419 4260 515 4324 VI,
558 4261 606 4324 1,
645 4277 699 4326 p.
742 4258 866 4311 689.
1018 4259 1075 4327 2)
1112 4261 1188 4312 Μ.
1224 4260 1528 4311 Boethium.
1679 4257 1738 4327 3)
1768 4258 1892 4332 περὶ
1928 4256 2224 4331 ἑρμηνείας.
