3059 4834
332 1381 351 1401 ⁴
365 1397 415 1436 p.
452 1385 552 1429 649.

578 277 682 328 164
1047 273 1350 326 RIC‘HERI
1386 273 1892 326 HISTORIARUM
1927 271 2150 324 LIBER
2187 273 2325 325 1111.

568 467 639 509 re
667 443 1047 529 patrimonio
1075 440 1471 506 frustratur’?
1535 440 1624 505 Et
1651 439 1783 504 ille:
1826 440 1980 520 ‘Ita',
2011 441 2234 525 inquit.
2300 441 2406 506 ‘Et
2431 462 2561 506 non
2589 440 2804 505 solum

568 526 657 610 id,
703 526 817 591 sed
858 536 921 591 et
960 524 1275 590 bonorum
1318 525 1674 611 desperatio
1718 523 1809 588 fit.
1893 524 2055 604 Quis
2101 525 2269 589 enim
2312 526 2518 590 intera
2560 525 2801 611 prima-

570 621 665 676 tes
707 609 934 676 Odone
992 609 1393 694 potentiorb‘?
1479 609 1640 690 Quis
1684 609 1856 673 omni
1897 607 2134 672 honore
2179 607 2494 692 dignior’?
2577 607 2798 694 Atque

570 695 652 760 ad
694 693 850 758 haec
888 695 1037 758 iste:
1084 693 1209 775 ‘Si',
1250 693 1476 778 inquit,
1520 691 1623 756 ‘ad
1662 690 1955 756 Odonem
1994 695 2335 757 transverti
2371 691 2596 775 velles,
2639 715 2798 756 num

572 777 877 876 quidnam
921 776 1212 862 ampliori
1241 777 1525 863 potentia
1550 785 1613 840 te
1642 796 1772 839 non
1800 773 2272 840 sublimandum
2299 775 2651 840 arbitrare?
2725 775 2800 840 Si

570 885 705 927 elus
750 883 939 943 esses,
986 865 1121 926 eius
1164 861 1299 925 sine
1344 859 1539 926 dubio
1581 860 1870 945 gratiam,
1915 858 2272 942 consilium,
2318 883 2392 924 su
2487 861 2645 924 etias
2687 859 2802 924 ha-

568 945 773 1011 bereS.
870 945 995 1010 Pro
1059 967 1188 1010 uno
1255 954 1459 1008 castro
1523 942 1799 1029 plurima
1860 943 2238 1029 possideres,
2338 883 2524 1009 UIdRe
2581 952 2646 1007 et
2697 945 2803 1008 tui

569 1030 842 1095 nominis
885 1027 1088 1114 gloria
1130 1051 1205 1093 eo
1246 1027 1509 1093 ulterius
1559 1029 1679 1091 iret
1695 1075 1712 1110 ,
1801 1049 1884 1090 uo
1924 1026 2197 1112 amplius
2237 1027 2494 1091 honoris
2541 1026 2804 1091 culmen

569 1112 675 1177 adi
720 1115 1045 1178 iscereris’.
1110 1112 1225 1176 Ille
1258 1133 1439 1177 vero:
1496 1050 1908 1192 ‘Quomo‘lioz
1951 1112 2021 1174 in
2066 1112 2178 1193 uit,
2222 1111 2483 1196 ‘absque
2526 1121 2799 1196 peccato

570 1204 633 1260 et
720 1196 985 1262 edecore
1026 1196 1144 1260 hec
1185 1197 1323 1260 fieri
1366 1216 1553 1280 posse
1597 1193 1929 1260 confidis’?
2072 1205 2098 1259 t
2139 1196 2256 1260 iste
2299 1196 2537 1280 inquit:
2593 1194 2689 1259 ‘Si
2733 1205 2799 1260 te

570 1302 718 1344 cum
776 1289 980 1345 castro
1040 1278 1255 1344 Odoni
1319 1279 1598 1362 confers,
1666 1277 1972 1364 quicquid
2036 1277 2286 1343 sceleris
2349 1279 2528 1343 nasci
2584 1288 2798 1364 putas,

570 1386 785 1428 meum
826 1365 955 1447 fiat,
1007 1387 1218 1428 meum
1264 1364 1527 1428 dicatur.
1612 1363 1900 1428 Poenas⁰
1941 1361 2090 1426 inde
2133 1361 2305 1426 luam
2362 1372 2426 1427 et
2467 1367 2798 1428 *summae

567 1447 907 1512 Divinitati
958 1448 1268 1513 rationem
1319 1446 1604 1511 reddam.
1708 1445 1984 1510 Consule
2036 1445 2351 1511 nobilitati
2409 1457 2571 1512 tuae.
2657 1447 2798 1510 Fac

568 1541 824 1596 tuarum
880 1553 1093 1594 rerum
1135 1538 1566 1616 augmentum.
1650 1530 1853 1594 Instat
1902 1538 2174 1628 tempus.
2264 1531 2678 1615 Oportunitas
2723 1531 2795 1594 id

570 1615 810 1695 suadet,
855 1635 1001 1676 cum
1043 1615 1396 1699 inpotentia
1436 1613 1746 1698 regnandi
1785 1636 1904 1677 rex
1933 1614 2014 1678 sit
2039 1613 2363 1698 inglorius,
2407 1624 2470 1678 et
2499 1612 2791 1678 Odonem

570 1698 936 1784 prosperior
978 1719 1229 1783 semper
1271 1705 1572 1782 sequatur
1614 1699 1982 1760 successus'.
2045 1697 2160 1762 Ille
2202 1721 2414 1762 rerum
2451 1699 2786 1783 promissa-

486 1820 489 1832 ·
569 1801 714 1844 rum
766 1780 1057 1865 cupidUS‚
1116 1789 1582 1845 sacramentum
1637 1780 1814 1865 petit.
1900 1780 2030 1844 Iste
2071 1780 2223 1846 facit
2275 1791 2338 1846 et
2379 1803 2497 1867 pro
2541 1781 2790 1867 agendo

327 2219 346 2238 *
365 2223 447 2265 fol.
478 2222 553 2263 52.

570 1864 827 1949 negotio
870 1864 1124 1928 obsides
1170 1865 1394 1950 querit.
1456 1862 1572 1928 Ille
1614 1862 1885 1928 multum
1927 1863 2229 1928 honorem
2260 1888 2397 1930 sese
2425 1864 2798 1930 habiturum

570 1947 903 2030 arbitrans,
948 1946 1203 2012 obsides
1246 1947 1395 2012 dare
1437 1968 1567 2011 non
1620 1945 1876 2012 distulit.
1966 1947 2144 2028 Quos
2189 1951 2306 2013 iste
2347 1959 2639 2035 receptos
2683 1949 2798 2014 do-

570 2054 749 2096 mum
792 2031 975 2096 duxit
1016 2041 1078 2096 et
1122 2031 1335 2097 Odoni
1380 2032 1593 2095 omnia
1630 2030 1789 2096 haec
1830 2029 2061 2094 retulit.

994 2189 1093 2254 76.
1186 2187 1530 2252 *Pervasio
1550 2188 1578 2229 ‘¹
1620 2187 1961 2251 Miliduni‘¹
2004 2188 2085 2253 ab
2133 2187 2378 2252 Odone.

737 2287 952 2353 Odoni
1016 2291 1261 2374 itaque,
1324 2298 1393 2353 ut
1455 2289 1695 2374 coeptis
1757 2290 1979 2372 instet,
2047 2290 2288 2364 suadet.
2387 2291 2641 2354 Interea
2712 2291 2800 2356 ab

574 2372 799 2438 Odone
858 2374 1083 2459 copiae
1127 2372 1291 2437 clam
1331 2384 1654 2459 parantur,
1708 2383 1780 2438 ut
1822 2383 2097 2438 castrum
2139 2374 2533 2459 ingrediatur
2575 2385 2639 2440 et
2683 2397 2801 2462 op-

568 2457 783 2522 tineat.
870 2457 1116 2522 Paratis
1170 2465 1403 2538 autem,
1456 2465 1742 2542 tempore
1789 2466 2020 2522 statuto
2063 2480 2402 2542 aggressus
2443 2460 2690 2544 appetit
2735 2469 2801 2524 et

568 2539 943 2624 ingreditur.
1046 2539 1445 2604 Proditorem
1508 2539 1802 2605 simulato
1865 2541 2076 2605 furore
2139 2541 2384 2607 invadit
2437 2551 2499 2605 et
2554 2546 2798 2608 carceri

570 2623 910 2708 mancipat.
997 2623 1128 2704 Qui
1167 2644 1295 2688 non
1336 2622 1535 2688 multo
1577 2633 1724 2710 post
1764 2645 2017 2688 carcere
2061 2627 2347 2708 emissus,
2395 2635 2789 2690 sacramento

572 2728 786 2770 coram
828 2707 1021 2771 fidem
1060 2707 1213 2771 facit
1255 2716 1318 2772 et
1360 2707 1592 2772 exinde
1634 2707 1719 2772 ad
1761 2707 2178 2773 resistendum
2219 2730 2366 2772 cum
2396 2708 2626 2774 Odone
2656 2731 2791 2774 sese

618 2792 774 2854 arat.
876 2791 1059 2872 Quae
1116 2792 1327 2854 omnia
1376 2790 1460 2854 ad
1516 2812 1741 2874 regum
1793 2813 1975 2856 aures
2031 2814 2185 2856 mox
2237 2791 2446 2857 delata
2485 2793 2795 2858 feruntur.

570 2813 781 2958 Reges
824 2872 903 2938 de
948 2876 1139 2938 castri
1164 2875 1507 2937 amissione
1537 2875 1854 2955 commoti,
1897 2876 1964 2938 in
1992 2875 2202 2940 hostes
2230 2875 2462 2941 milites
2492 2886 2793 2962 parant03

571 2964 1019 3043 proponentes,
1062 2957 1143 3021 ab
1203 2956 1532 3020 obsidione
1573 2979 1703 3040 non
1759 2979 1894 3022 sese
1938 2957 2364 3040 discessuros,
2421 2959 2626 3026 donec
2682 2970 2797 3025 aut

572 3050 1013 3124 expugnatum
1054 3041 1383 3125 recipiant,
1426 3048 1553 3122 aut,
1600 3041 1654 3104 si
1695 3063 1796 3105 res
1840 3052 2165 3127 exposcat,
2211 3064 2358 3107 cum
2396 3042 2580 3110 hoste
2624 3065 2795 3109 com-

572 3124 785 3188 minus
825 3124 994 3188 vires
1038 3134 1101 3190 et
1140 3144 1318 3186 arma
1368 3123 1710 3188 conferant.

980 3261 1077 3326 77.
1162 3259 1516 3327 Accessusf
1553 3285 1776 3349 regum
1819 3264 1902 3327 ad
1943 3262 2328 3326 Milidunum
2339 3265 2376 3328 f.

738 3364 987 3430 Par-atis
1039 3364 1129 3429 ita
1172 3385 1254 3427 ue
1306 3365 1505 3450 copiis
1521 3413 1539 3448 ,
1596 3374 2034 3452 expugnatum
2091 3366 2422 3431 accedunt.
2506 3366 2594 3430 Et
2646 3368 2798 3453 quia

573 3454 851 3512 castrum
914 3448 1155 3511 circum
1202 3457 1389 3512 uente
1449 3449 1748 3546 Sequana
1809 3448 2236 3532 ambiebatur,
2297 3450 2424 3576 ³3⁸³
2481 3449 2550 3512 in
2609 3449 2795 3515 litore

572 3532 781 3617 primo
846 3539 1052 3595 castra
1112 3531 1209 3595 dis
1260 3542 1484 3615 onunt3
1555 3555 1624 3596 111
1693 3531 2030 3600 ulteriore&
2096 3534 2332 3598 accitas
2443 3535 2796 3620 piratarum

574 3615 743 3678 acies
806 3615 1116 3678 ordinant.
1278 3624 1301 3679 t
1354 3636 1433 3679 ne
1494 3637 1620 3700 quo
1683 3617 2162 3682 intercideretur
2227 3617 2494 3699 obsidio,
2561 3615 2792 3682 classes

573 3706 846 3762 armatas
887 3699 955 3761 in
997 3697 1191 3762 fluvio
1229 3699 1723 3785 circumquaque
1753 3698 2074 3766 adhibent.
2137 3703 2364 3787 Itaque
2390 3701 2627 3766 factum
2656 3701 2792 3784 fuit,

573 3787 645 3844 ut
705 3780 945 3846 fluviali
1006 3781 1336 3868 superficie
1399 3783 1601 3863 vecti,
1667 3793 1945 3847 castrum
2006 3783 2214 3848 navali
2279 3807 2500 3871 pugna
2561 3787 2794 3851 acriter

574 3874 889 3950 urgerent.
962 3863 1329 3930 Castrenses
1370 3887 1499 3929 non
1535 3867 1812 3952 impares
1856 3868 1922 3930 in
1968 3868 2358 3952 ugnantibus
2403 3866 2785 3934 obnituntur.

573 3948 698 4013 Pro
740 3947 983 4014 viribus
1026 3956 1287 4012 certant.
1370 3949 1771 4014 Adversariis
1813 3973 1858 4014 n
1949 3972 1984 4015 o
2027 3952 2216 4016 modo
2263 3952 2517 4019 cedunt.
2604 3953 2792 4020 Gum-

698 4135 743 4189 a)
776 4139 825 4178 in
865 4150 979 4179 corr.
1019 4139 1160 4180 inter.
1290 4137 1338 4191 b)
1381 4141 1586 4190 potentio
1628 4151 1745 4181 corr.
1790 4143 2038 4192 potentior.
2171 4140 2213 4193 c)
2259 4143 2411 4183 Penas
2453 4154 2570 4185 corr.
2615 4145 2789 4186 Poena.

575 4194 623 4247 d)
655 4197 800 4249 vasio,
831 4198 882 4236 ni
910 4197 1022 4239 absc.
1171 4195 1214 4248 e)
1246 4201 1381 4248 parat
1410 4209 1525 4240 corr.
1559 4202 1739 4250 parant.
1905 4199 1944 4252 f)
1977 4211 2069 4252 sus,
2102 4201 2161 4241 ad
2191 4201 2295 4241 Mili
2324 4202 2437 4241 abac.
2587 4202 2636 4256 g)
2669 4203 2790 4244 τίοι-ο

573 4265 595 4295 e
625 4265 740 4298 corr.
859 4253 908 4307 h)
938 4256 1113 4297 accitae
1142 4267 1255 4296 corr.
1290 4257 1438 4297 accita
1466 4269 1502 4298 c.
