3059 4834
15 4267 18 4384 ἑ

689 257 998 311 RICHERI
1035 256 1541 311 HISTORIARUM
1576 258 1802 309 LIBER
1839 257 1943 311 111.
2390 259 2457 308 91

207 425 483 491 ‘cumdat
501 437 542 488 ¹.
647 425 794 490 Rex
855 445 1012 489 vero
1079 445 1224 487 cum
1289 433 1489 490 matre
1556 434 1775 510 erepto
1834 434 2044 489 castro
2100 426 2455 493 exercitum
2474 449 2579 493 sse.

219 508 488 574 inducit.
605 508 773 575 Cum
845 530 1000 594 ergo
1073 506 1315 594 duplici
1385 508 1672 573 exercitu
1740 509 2028 573 tirannus
2098 519 2452 595 urgeretur,
2476 528 2577 569 960·

205 592 397 677 -cedit
450 602 514 658 et
567 592 649 658 ab
706 614 859 739 reffe
913 590 1379 677 indulgentiam
1432 592 1613 678 petit.
1721 590 2130 679 Coactusque
2195 592 2453 659 obsides

217 685 285 743 et
329 685 732 741 sacramenta
819 685 901 740 at.
1001 674 1090 739 Et
1148 676 1294 739 insu
1342 697 1413 740 er
1469 675 1694 762 oppidi
1749 676 2144 763 proditorem
2161 689 2185 724 ²
2238 677 2451 743 victus

215 760 437 827 tradit.
526 760 659 841 Qui
720 782 896 841 mox,
958 756 1209 845 prolata
1272 782 1312 823 a
1411 781 1565 845 rege
1622 760 1952 843 sententia,
2016 770 2163 827 ante
2228 762 2453 849 oppidi

216 854 478 930 portam
522 864 733 909 coram
776 854 958 929 patre
995 840 1363 909 decollatur.

396 944 495 1010 13.
561 944 741 1007 ²“Rex
759 953 785 984 ⁸
826 964 981 1008 vero
1026 944 1268 1032 oppido
1313 945 1556 1030 potitus
1616 967 1766 1009 cum
1810 956 2011 1012 matre
2066 946 2453 1013 Laudunum
2474 958 2585 1004 ‘roh
2618 962 2690 1006 33.

211 1028 410 1093 redit.
495 1026 646 1091 Huc
687 1049 772 1091 ex
814 1026 1084 1092 diversis
1125 1027 1497 1113 regionibus
1550 1029 1635 1094 ad
1675 1051 1710 1091 r
1794 1052 1896 1095 em
1986 1032 2148 1096 rinei
2198 1053 2265 1097 es
2308 1052 2455 1096 con·
2474 1058 2579 1102 961.

211 1112 446 1176 fluunt.
531 1110 789 1175 Adsunt
851 1133 1107 1198 quoque
1171 1112 1352 1177 ducis
1411 1111 1695 1178 defuncti
1822 1116 1870 1178 ii
1968 1136 2072 1197 uc,
2206 1138 2334 1202 ugo
2391 1126 2457 1182 et

213 1196 378 1263 Otto
393 1206 438 1274 ⁸,
515 1196 628 1280 qui
698 1196 892 1259 etiam
961 1218 1032 1261 re
1081 1198 1102 1259 i
1165 1195 1420 1261 fidelem
1483 1195 1777 1263 militiam
1840 1220 1959 1284 per
2012 1199 2455 1265 iusiurandum

211 1301 438 1380 coram
510 1278 806 1377 omnibus
827 1364 841 1377 ·
877 1301 1044 1366 spon
1087 1290 1214 1347 ent.
1323 1282 1615 1361 Quorum
1684 1282 2067 1367 benignitati
2137 1306 2257 1348 rex
2325 1306 2453 1349 non

202 1361 1064 1513 ffissgfflaolssbssssaffissfflr
1117 1363 2011 1515 {gfflsssssssmfflffiffi
2080 1376 2454 1518 ΡέἓοῑΡὲἷῖἓ

206 1530 451 1613 adicit3
497 1528 802 1595 Ottonem
845 1470 1000 1597 verz
1045 1531 1424 1618 Burgimdia
1467 1531 1684 1597 donat.
2063 1475 2107 1538 p
2273 1475 2317 1538 p

393 1634 490 1697 14.
553 1634 632 1697 In
727 1656 812 1697 ua
863 1656 1078 1698 rerum
1131 1632 1577 1699 distributione
1632 1655 1783 1698 cum
1837 1634 2112 1701 domnus
2154 1660 2233 1702 ac
2275 1659 2453 1703 reve-

214 1715 455 1781 rendus
508 1655 813 1781 Artoldus
865 1717 1395 1804 metropolitanus
1438 1717 1785 1783 admodum
1828 1720 1897 1783 in
1953 1721 2057 1785 die
2098 1719 2455 1787 laborasset

211 1812 284 1865 et
336 1821 454 1886 pre
511 1799 701 1865 solisb
756 1800 1007 1867 fervore
1071 1810 1204 1866 toto
1270 1822 1540 1887 corpore
1604 1802 1926 1885 sudasset,
1993 1826 2140 1869 cum
2203 1815 2450 1870 vestem

205 1884 520 1965 abiceret,
564 1906 682 1971 per
722 1905 914 1983 poros
957 1884 1165 1950 calore
1209 1894 1465 1971 apertos
1493 1885 1699 1970 frigus
1727 1887 2093 1953 autumnale
2110 1900 2135 1931 ⁰
2171 1890 2449 1987 irrepsit.

213 1967 514 2055 Natoque
557 1970 682 2033 exd
723 1979 974 2034 interno
1015 1969 1094 2033 fri
1143 1967 1296 2033 dore
1342 1970 1545 2055 epatis
1588 1968 1833 2045 moi-bc,
1875 1971 2087 2035 nimiis
2124 1970 2450 2037 doloribus

211 2051 564 2134 confectam,
619 2051 828 2138 pridie
871 2052 1018 2117 Kal.
1143 2054 1308 2117 ctob.
1327 2061 1372 2134 ⁴,
1417 2073 1458 2115 a
1515 2073 1630 2116 suo
1689 2052 2015 2138 presulatu
2072 2076 2237 2119 anno
2259 2065 2285 2097 ⁰
2344 2054 2450 2137 20,
2472 2073 2586 2115 Nov.
2619 2074 2693 2116 so.

208 2137 390 2201 diem
433 2136 602 2200 vitae
645 2135 875 2201 clausit
915 2146 1291 2202 extremum.

393 2239 489 2302 15.
563 2237 764 2304 Cuius
838 2240 1115 2324 peractis
1185 2238 1541 2324 exsequiis,
1615 2236 1811 2323 Hugo
1880 2240 2244 2323 nuperrime
2316 2239 2453 2304 dux
2472 2256 2574 2298 962.

216 2322 616 2385 Francorum
658 2320 740 2385 ab
784 2345 937 2421 rege
978 2321 1204 2404 factus,
1259 2344 1477 2407 regem
1521 2320 1895 2407 suppliciter
1936 2321 2089 2404 adit,
2139 2323 2449 2409 petitque,

274 2404 654 2470 ontificalem
697 2404 1075 2491 dignitatem
1120 2407 1180 2470 ei
1197 2416 1220 2451 ⁵
1262 2406 1529 2487 restitui,
1576 2426 1651 2469 eo
1696 2405 1869 2490 quod
1895 2406 2035 2492 ipse
2064 2418 2211 2471 ante
2240 2405 2451 2471 Artol-

213 2428 380 2553 Eum
422 2490 626 2575 ipsam
669 2490 940 2576 adeptus
983 2490 1192 2571 fuerit,
1237 2499 1302 2553 et
1343 2510 1473 2553 non
1515 2510 1631 2553 suo
1673 2488 1976 2571 facinore,
2034 2490 2149 2555 sed
2190 2488 2453 2555 Rodulfi

216 2574 390 2658 regis
418 2574 662 2638 invidia
688 2572 1029 2639 Artoldum
1059 2576 1120 2639 ei
1147 2573 1608 2661 superductum
1638 2583 1952 2639 memorat
1968 2574 2002 2638 f.
2060 2574 2455 2640 Persistebat

211 2657 466 2743 itaque,
531 2666 602 2721 ut
663 2656 1055 2722 redderetur.
1161 2657 1250 2722 Et
1306 2658 1521 2722 statim
1587 2656 1843 2721 decreto
1862 2669 1891 2712 8
1952 2659 2131 2744 regio
2189 2659 2453 2724 sinodus
2532 2686 2539 2691 ·

215 2742 674 2827 episcoporum
715 2751 862 2828 post
903 2740 1038 2807 dies
1082 2742 1186 2805 40.
1209 2740 1506 2807 habenda
1546 2739 1868 2809 indicitur.

393 2844 494 2908 16.
553 2840 718 2909 Colli
767 2844 891 2908 'tur
920 2865 1073 2931 ergo
1103 2844 1559 2908 consummatis
1588 2842 1816 2909 diebus
1844 2845 1912 2907 in
1939 2865 2111 2930 pago
2140 2844 2456 2911 Meldensi

215 2948 408 2991 secus
436 2926 702 3001 fluvium
803 2937 1112 3011 atronam,
1142 2929 1210 2991 in
1236 2929 1382 2993 vico
1415 2928 1570 3015 quib
1598 2936 1869 2992 vocatur
1890 2977 1906 2992 .
1931 2976 1947 2993 .
1974 2975 2010 3010 .,
2042 2950 2127 2993 ex
2153 2929 2456 2995 Remensi

213 3032 299 3075 ac
355 3010 710 3077 Senonensi
762 3013 1112 3096 provinciis
1175 3012 1437 3077 sinodus
1499 3012 1577 3076 13
1642 3012 2093 3099 episcoporum
2116 3060 2133 3093 ,
2199 3012 2457 3099 preside

221 3094 594 3159 Senonense
635 3095 958 3180 pontifice.
1041 3097 1219 3162 Inter
1275 3117 1434 3182 quos
1493 3096 1687 3161 etiam
1742 3094 2020 3162 fautores
2076 3096 2278 3185 aliqui
2334 3118 2455 3183 pro

217 3187 404 3264 parte
468 3179 766 3264 Hugonis
830 3178 1234 3259 videbantur,
1300 3190 1363 3246 et
1419 3180 1704 3243 maxime
1768 3178 1859 3243 illi
1923 3182 2036 3265 qui
2099 3179 2248 3245 duci
2306 3202 2454 3247 con-

212 3262 621 3344 suescebant,
674 3262 924 3348 utpotei
943 3294 955 3306 ·
971 3274 994 3309 ⁰
1037 3262 1514 3329 Aurelianensis
1559 3272 1623 3328 et
1664 3262 2049 3346 ParisiacuS,
2104 3263 2455 3329 Silletensis

266 3368 502 3432 uoque.
564 3345 779 3433 Atque
822 3346 890 3409 hi
930 3347 1188 3432 publice
1234 3345 1698 3412 consultabant.
1767 3346 2211 3412 Renitentibus
2241 3357 2456 3412 autem

213 3368 540 3495 {oi-icone
609 3429 1022 3513 Laudunensi
1079 3439 1142 3496 et
1214 3430 1545 3497 Gibuinok
1602 3427 2045 3494 Catalaunico¹
2111 3432 2455 3517 episcopis,

342 3575 390 3629 a)
422 3576 527 3615 haec
548 3576 719 3625 paqina
749 3580 787 3615 et
811 3586 924 3625 pare
951 3574 1165 3625 sequanus
1194 3574 1242 3614 in
1271 3584 1436 3614 rasura
1467 3573 1668 3625 scriptae.
1808 3571 1856 3624 b)
1902 3574 2089 3613 aestatis
2124 3575 2163 3614 1.
2298 3572 2338 3625 c)
2379 3573 2457 3613 ffl-

217 3636 350 3684 gorio
384 3636 422 3677 1.
543 3632 589 3685 d)
623 3644 682 3675 ex
711 3635 745 3676 i.
775 3635 811 3677 f.
843 3644 917 3684 ep.
948 3633 998 3673 in
1027 3644 1164 3683 mara.
1269 3630 1312 3683 e)
1346 3636 1456 3673 ann.
1489 3644 1528 3673 c.
1634 3631 1671 3683 f)
1705 3632 1992 3673 memorabat
2025 3634 2065 3673 1.
2170 3630 2217 3685 g)
2249 3633 2379 3673 iussu
2414 3634 2453 3675 1.

223 3692 271 3745 h)
320 3695 399 3734 cui
442 3692 721 3733 vocabulum
767 3696 810 3734 1.
871 3692 1069 3743 Spatium
1113 3691 1283 3731 nomini
1325 3691 1482 3732 omisso
1525 3702 1619 3732 mm
1664 3696 1809 3731 vacat.
1929 3689 1965 3741 i)
2018 3693 2068 3731 ut
2110 3693 2151 3732 1.
2272 3689 2321 3744 k)
2357 3690 2457 3732 Gu-

221 3752 370 3794 buino
401 3753 479 3792 hoc
509 3753 601 3792 loco
631 3762 666 3791 c.
787 3750 822 3804 1)
854 3752 1088 3792 talaunico
1119 3761 1240 3791 corr.
1269 3750 1419 3792 catal.

377 3872 434 3939 1)
472 3874 628 3923 Haec
665 3871 822 3924 Flod.
861 3888 912 3923 a.
939 3872 1064 3935 959,
1100 3870 1310 3938 reliqua
1345 3887 1399 3923 a.
1423 3870 1551 3923 960.
1682 3870 1738 3935 2)
1767 3868 2008 3924 odelrici
2036 3871 2242 3921 comitis
2287 3867 2457 3921 filium

221 3946 430 3999 indicat
454 3945 612 3999 Flod.
763 3942 821 4011 3)
860 3946 1016 3997 Haec
1041 3960 1076 3995 a
1099 3944 1408 3996 Flodoardo
1435 3960 1557 3995 mox
1581 3949 1704 4011 post
1728 3944 1975 3995 Divionis
2002 3944 2454 4011 expugnationem

186 4014 190 4025 ’
223 4025 508 4087 ponuntur.
642 4018 699 4082 4)
737 4018 824 4070 Ita
862 4020 1022 4070 etiam
1053 4016 1211 4069 Flod.
1359 4015 1418 4083 ὅ)
1457 4018 1620 4068 Error
1656 4018 1919 4081 aneton-in
1958 4018 2137 4083 Engo,
2177 4016 2455 4068 Heriberti

222 4092 384 4156 filius,
433 4092 952 4160 archiepiscopatum
991 4092 1310 4143 Remensem
1357 4092 1658 4153 invaserat3
1712 4095 1766 4141 et
1812 4097 1960 4141 recte
2010 4090 2149 4141 infra
2200 4105 2320 4158 cap.
2364 4089 2453 4141 1⁷.

223 4167 514 4220 Rotbcrtus
551 4165 715 4216 frater
753 4167 867 4217 eius
904 4171 1142 4217 vocatur.
1221 4164 1471 4216 Ceterum
1507 4162 1872 4216 Flodoardum
1910 4165 2170 4231 sequitur.
2295 4160 2355 4229 6)
2378 4163 2457 4215 Hi

226 4255 261 4290 a
285 4237 736 4291 Flodoardo-non
769 4241 1122 4290 nominantur.
1788 4230 1803 4245 ⁶
