3059 4834
659 294 966 349 RIOHERI
1003 293 1503 348 HISTORIARUM
1540 295 1762 347 LIBER
1796 294 1934 347 1111.
2305 296 2407 346 143

179 485 385 549 gnum
439 462 840 528 ordinaturus
890 463 1030 547 ipse
1074 458 1414 546 colligeret.
1499 462 1682 525 Tunc
1732 463 1923 527 etiam
1975 461 2249 527 Karolus
2339 484 2409 527 er
2424 480 2526 521 sse.

177 548 390 612 noctis
407 558 439 589 θ’
477 547 725 612 silenti-a
766 568 911 611 cum
941 545 1226 611 exercitu.
1253 544 1336 608 ad
1364 554 1581 630 portas
1598 546 1786 631 ¹urbis
1814 546 2143 611 adveniret
2153 549 2201 611 ¹³.
2328 569 2402 611 ec

177 642 334 697 tune
379 630 628 696 deesset
671 630 782 718 qui
827 630 1134 695 exercitui
1176 629 1438 693 irruenti
1451 642 1476 671 0
1517 638 1735 714 portas
1776 629 2105 715 panderet,
2162 632 2409 697 iuratus·

179 714 412 781 secreti
449 714 644 779 fidem
659 716 706 778 d.
777 713 1118 778 Exercitus
1145 713 1543 777 intromissus
1582 713 1803 778 urbem
1842 714 2173 780 invaderet
2214 725 2405 801 atque

178 820 325 865 sese
379 820 524 862 cum
621 798 955 863 rimatibus
999 794 1276 861 collectis
1332 796 1912 881 comprehenderet,
1962 798 2093 863 vim
2150 798 2407 863 inferret

177 905 262 948 ac
309 902 492 967 ergas
589 895 660 946 oe
705 880 1083 947 detruderet.
1165 880 1389 965 Itaque
1439 880 1680 945 factum
1734 881 1916 963 foret,
1975 891 2046 946 ut
2087 891 2149 947 et
2192 883 2407 968 *regia
2427 896 2442 913 ·
2458 896 2537 939 fol.
2558 897 2629 939 46.

175 974 468 1053 potestas
507 964 952 1048 infirmaretur,
998 974 1062 1029 et
1097 972 1324 1049 patruo
1367 965 1569 1029 virtus
1614 964 1981 1029 dominandi
2024 975 2406 1051 augesceret,

175 1073 304 1115 nec
377 1052 517 1135 ipse
589 1048 872 1114 desertor
940 1047 1279 1113 videretur.
1410 1049 1602 1131 Quod
1673 1058 1736 1113 et
1806 1049 2099 1114 effectum
2166 1049 2407 1114 habuit.
2461 1050 2465 1054 ’

207 1136 346 1217 34.)
419 1131 536 1197 G.1
581 1143 644 1199 et
670 1133 750 1197 V.
795 1132 1053 1197 comites
1097 1140 1162 1196 at
1207 1154 1288 1196 ue
1328 1130 1485 1196 alios
1529 1132 1700 1196 viros
1728 1131 2125 1198 consularesf
2164 1134 2409 1199 invitat.

178 1136 512 1299 {Quiddam
556 1238 861 1302 magnum
903 1238 1040 1281 sese
1087 1236 1157 1279 or
1201 1216 1544 1296 inaturum,
1587 1216 1878 1300 mandat3
1923 1216 2092 1281 unde
2146 1227 2210 1281 et
2250 1215 2405 1281 mul-

176 1312 320 1366 tum
363 1301 456 1365 eis
498 1300 964 1365 maturandum.
1029 1297 1129 1363 Illi
1172 1300 1306 1363 sine
1351 1296 1651 1363 dilatione
1680 1299 2090 1383 advenenmt,
2130 1303 2199 1364 in
2230 1302 2408 1367 obse-

179 1385 336 1472 quio
397 1383 640 1448 domini
690 1383 1124 1470 paratissimos
1179 1404 1247 1447 se
1304 1382 1825 1448 demonstrantes,
1923 1384 2227 1449 Amulfus
2284 1384 2410 1449 alia

179 1491 302 1556 pro
345 1467 487 1531 aliis
532 1468 710 1550 dans,
756 1466 928 1554 quod
957 1488 1107 1531 vere
1136 1465 1392 1531 molitur
1467 1468 1675 1531 enitus
1705 1466 2075 1533 dissimulat.
2118 1468 2224 1533 Ad
2253 1468 2407 1557 quid

181 1554 400 1639 potius
443 1551 747 1633 intendat,
795 1572 1013 1615 omnes
1053 1552 1074 1613 i
1168 1558 1364 1615 orant.
1493 1552 1562 1614 ni
1603 1560 1867 1632 tantum,
1912 1551 1990 1616 de
2033 1552 2215 1617 cuius
2258 1554 2407 1616 taci-

181 1638 486 1701 turnitate
568 1646 595 1700 t
635 1634 761 1699 fide
803 1656 932 1699 non
974 1636 1035 1699 d'
1111 1634 1318 1715 debat,
1362 1633 1430 1698 id
1472 1644 1676 1699 totum
1734 1634 2025 1701 credulus
2078 1637 2408 1701 commisit.

183 1720 336 1801 Qua
392 1741 513 1783 noc
632 1717 907 1783 Karolus
923 1730 952 1773 ἕ
1005 1719 1516 1784 intromittendus
1532 1721 1561 1761 ¹¹
1620 1730 1802 1801 esset,
1863 1743 1902 1783 a
1950 1720 2129 1786 eruit.
2214 1721 2301 1784 Et
2341 1730 2413 1784 ut

180 1812 346 1869 tunc
386 1813 710 1888 portarum
755 1801 964 1867 claves
1007 1825 1048 1864 a
1088 1824 1203 1866 suo
1235 1802 1529 1867 cervicali
1556 1801 1800 1867 tolleret
1828 1826 1905 1866 ur
1952 1825 2052 1867 em
2098 1826 2179 1867 ue
2207 1826 2409 1869 arma-

183 1889 274 1952 tis
319 1886 604 1971 aperiret,
648 1888 848 1950 iussit.
933 1884 1072 1951 Nec
1114 1884 1310 1949 multo
1353 1896 1501 1971 post
1554 1908 1687 1950 nox
1732 1887 1833 1949 cui
1887 1886 2009 1950 hoc
2105 1886 2413 1952 ebebatur

179 1970 501 2056 flagitium
555 1970 751 2034 affuit.
820 1968 1096 2033 Karolus
1148 1991 1294 2033 cum
1337 1971 1624 2034 exercitu
1665 1978 1793 2034 tem
1842 1991 1949 2033 ore
1991 1970 2293 2056 deputato
2329 1971 2413 2034 ad
2478 2035 2481 2037 ,

179 2064 406 2142 portas
450 2056 625 2120 urbis
669 2066 1012 2122 nocturnus
1054 2053 1251 2119 affuit.
1323 2052 1595 2138 Algerus
1637 1992 1953 2140 presgiter
1993 2092 2078 2103 —
2121 2056 2212 2118 sic
2243 2056 2411 2118 enim

178 2137 537 2204 vocabatur
597 2178 680 2187 —
733 2140 1072 2202 introrsum
1118 2158 1262 2201 cum
1321 2136 1604 2202 clavibus
1662 2160 1729 2202 se
1772 2147 2129 2222 presentem
2172 2137 2410 2205 habuit.

179 2224 275 2287 Ai
335 2222 492 2308 quoi
546 2220 724 2285 moxi
788 2231 1010 2308 portae
1075 2220 1432 2306 patefactae
1491 2231 1639 2286 sunt
1714 2221 2029 2286 exercitus
2076 2244 2155 2287 ue
2219 2224 2413 2287 intro-

181 2308 437 2371 missuS.
523 2306 694 2371 Urbs
739 2328 992 2392 quoque
1035 2328 1074 2369 a
1114 2304 1500 2390 predonibus
1544 2306 1793 2390 direpta
1835 2315 1897 2370 et
1940 2326 2055 2391 spo
2080 2306 2231 2369 iata.

689 2406 790 2471 35.
873 2405 1159 2471 Amulfik
1202 2428 1583 2493 suorumque
1627 2408 1837 2492 captio
1855 2409 1903 2470 k.

352 2510 540 2575 Unde
600 2529 746 2572 cum
800 2508 1036 2572 clamor
1090 2529 1208 2594 per
1259 2506 1481 2573 urbem
1547 2508 1728 2575 fieret
1793 2506 2225 2595 tumultusque
2286 2507 2410 2571 dis-

187 2594 576 2677 currentium
621 2593 793 2657 cives
835 2593 1122 2657 incautos
1152 2593 1476 2675 excitaret,
1519 2592 1825 2657 Arnulfus
1856 2614 2057 2679 aeque
2086 2590 2407 2657 turbatum

185 2676 461 2741 clamore
507 2698 644 2741 sese
689 2675 963 2741 simulat.
1033 2675 1120 2740 Et
1160 2674 1406 2761 fingens
1449 2686 1710 2760 metum,
1755 2678 1979 2741 turrim
2007 2676 2191 2762 petiit
2217 2685 2407 2763 atque

184 2760 574 2825 conscendit.
648 2760 856 2839 Quem
899 2761 1188 2825 comites¹
1232 2762 1463 2843 secuti,
1506 2771 1653 2846 post
1696 2784 1763 2825 se
1808 2761 1970 2825 ostia
2012 2760 2411 2825 obseravere.

181 2844 466 2910 Karolus
509 2841 848 2907 Arnulfum
892 2845 1266 2931 perquirens
1309 2866 1428 2909 nec
1469 2846 1811 2931 repedem,
1863 2844 2126 2909 ubinam
2166 2844 2408 2925 lateret,

181 2926 607 2993 scrutabatur.
695 2926 817 2991 Cui
872 2949 1016 2991 cum
1069 2928 1442 3013 proderetur
1481 2931 1549 2993 in
1592 2931 1781 2995 turris
1826 2930 2153 2993 cacumine
2195 2926 2406 3011 latere,

183 3013 349 3077 ostio
407 3034 562 3076 mox
618 3011 906 3077 custodes
959 3012 1266 3078 adhibuit.
1365 3012 1453 3077 Et
1505 3016 1806 3101 quoniam
1862 3034 1980 3078 nec
2034 3013 2247 3078 cibum
2290 3034 2409 3077 nec

179 3118 368 3160 arma
437 3104 582 3161 ante
662 3117 781 3160 con
829 3106 1155 3179 esserant‚
1235 3095 1475 3161 Karolo
1551 3098 1784 3162 cedunt
1880 3106 2070 3183 atque
2142 3120 2182 3161 a
2250 3096 2410 3161 turri

181 3181 429 3267 egressi
485 3187 646 3243 sunt.
763 3180 789 3265 (
833 3180 921 3263 6.)
1019 3178 1179 3244 Com
1228 3180 1605 3267 rehensique
1662 3191 1725 3245 et
1777 3180 2157 3245 Laudunum
2213 3180 2408 3260 ducti,

182 3261 560 3329 custodibus
605 3262 889 3349 deputati
942 3272 1106 3328 sunt.
1257 3263 1428 3327 arolo
1478 3265 1783 3330 redeunte
1840 3273 1903 3327 et
1956 3262 2148 3327 fidem
2191 3263 2272 3328 ab
2316 3264 2406 3327 eis

181 3356 492 3445 querente
505 3395 523 3431 ‚
589 3346 1023 3411 unanimiter-m
1065 3346 1232 3411 refra
1276 3356 1479 3411 antur.
1594 3347 1831 3412 Odium
1882 3367 2033 3431 ergo
2090 3345 2409 3430 utrimque

181 3429 506 3497 simulant.
592 3431 779 3495 Pium
822 3429 1117 3495 affectum
1158 3454 1203 3493 n
1293 3451 1328 3493 o
1376 3430 1567 3495 modo
1611 3428 1906 3516 produnt.
1992 3428 2096 3493 Ab
2138 3437 2406 3514 utroque

233 3516 587 3579 uerimonia
641 3512 940 3579 nonnulla
997 3512 1442 3597 simulabatur,
1508 3535 1583 3579 eo
1650 3513 1822 3601 quod
1885 3511 2043 3578 alter
2105 3512 2405 3594 desertor,

181 3537 348 3664 aqlter
410 3598 665 3663 invasor
727 3597 982 3663 alterius
1043 3598 1126 3663 ab
1187 3606 1456 3695 utroque
1519 3598 2005 3662 enuntiareturn.
2120 3596 2405 3661 Tandem

182 3680 496 3747 Arnulfus
511 3693 536 3725 ⁰
580 3691 970 3749 sacramento
1014 3680 1206 3745 fidem
1261 3680 1522 3763 famens,
1582 3681 1867 3747 libertate
1925 3681 2163 3767 potitus
2208 3690 2304 3747 est
2344 3689 2409 3744 et

183 3766 273 3831 ad
335 3787 454 3831 sua
505 3787 812 3832 reversus.
917 3763 1154 3831 Karolo
1209 3763 1442 3831 exinde
1499 3766 1569 3829 in
1627 3764 1917 3829 omnibus
1973 3765 2129 3830 favit
2146 3775 2189 3829 ².
2296 3764 2406 3827 Ius

312 3890 358 3945 a)
392 3894 514 3934 notis
540 3905 654 3935 corr.
687 3893 850 3933 noctis.
1017 3889 1063 3943 b)
1096 3891 1277 3933 adesset
1309 3894 1350 3934 1.
1518 3890 1561 3944 c)
1594 3893 1746 3933 ruenti
1780 3894 1821 3933 1.
1982 3888 2030 3942 d)
2062 3893 2289 3933 secretum
2320 3890 2407 3929 hoc

187 3963 445 4002 numquam
474 3954 760 4003 proditurum
792 3953 830 3991 1.
965 3950 1008 4004 e)
1042 3951 1244 3992 custodie
1273 3962 1485 4001 cupos-eor.
1519 3952 1769 4001 ergastulo.
1899 3950 1935 4003 f)
1965 3947 2057 3990 Tii'c'.
2085 3961 2119 3993 ο.
2250 3946 2295 4000 g)
2330 3958 2408 3988 ex·

186 4012 361 4054 orcitus
398 4022 610 4063 cuper-scr.
648 4012 706 4053 K.
865 4008 914 4062 h)
957 4010 1306 4051 intromitendus
1347 4022 1383 4052 ο.
1551 4008 1587 4063 i)
1625 4014 1727 4060 post
1772 4009 1871 4051 add.
2042 4005 2093 4059 k)
2136 4008 2166 4061 i,
2208 4018 2237 4057 p
2289 4008 2403 4047 abac.

187 4070 226 4123 1)
261 4071 452 4111 cvates
482 4082 516 4111 c.
665 4067 729 4121 m)
761 4069 1056 4111 unamimiter
1085 4080 1197 4112 corr.
1228 4070 1433 4111 unanim.
1592 4067 1641 4121 n)
1676 4068 1991 4119 predicaretur
2020 4077 2231 4116 euperecr.
2265 4076 2405 4107 enun-

190 4131 401 4172 tiaretur.
521 4128 566 4181 ο)
599 4130 842 4179 episcopus
871 4139 1082 4179 super-scr.
1116 4127 1192 4168 Ar.

345 4220 403 4291 1)
443 4223 771 4276 Gislebertus
823 4229 876 4275 et
909 4222 1066 4287 vido,
1117 4228 1176 4274 ut
1223 4222 1450 4289 videtur,
1506 4223 1575 4275 de
1626 4223 1815 4291 quibus
1856 4221 2021 4273 Cone.
2070 4222 2223 4273 Rem.
2264 4237 2311 4273 c.
2351 4222 2404 4273 δ.

195 4299 390 4363 agitur.
539 4294 596 4362 2)
634 4296 714 4348 Cf.
757 4296 998 4348 Gerberti
1026 4298 1179 4364 epist.
1209 4297 1329 4361 193,
1366 4315 1418 4364 p.
1453 4297 1582 4348 109:
1624 4296 1862 4348 Necdum
1889 4312 1924 4345 a
1949 4312 2049 4346 sua
2074 4292 2404 4346 ordinatione

193 4378 373 4425 sextus
409 4368 598 4422 mensis
633 4370 842 4437 elapsus
877 4376 1008 4432 erat,
1046 4376 1092 4422 et
1117 4385 1228 4423 ecce
1264 4368 1420 4436 quasi
1455 4376 1728 4438 tempestas
1764 4369 1943 4422 urbem
1968 4368 2035 4421 ab
2062 4384 2119 4421 eo
2134 4365 2405 4435 proditam
