<?xml version="1.0" encoding="UTF-8"?>
<!DOCTYPE html PUBLIC "-//W3C//DTD XHTML 1.0 Transitional//EN"
    "http://www.w3.org/TR/xhtml1/DTD/xhtml1-transitional.dtd">
<html xmlns="http://www.w3.org/1999/xhtml" xml:lang="en" lang="en">
 <head>
  <title>
</title>
<meta http-equiv="Content-Type" content="text/html;charset=utf-8" />
  <meta name='ocr-system' content='tesseract 3.04.00' />
  <meta name='ocr-capabilities' content='ocr_page ocr_carea ocr_par ocr_line ocrx_word'/>
</head>
<body>
  <div class='ocr_page' id='page_1' title='image "./richerihistoria00unkngoog_0029.png"; bbox 0 0 3059 4834; ppageno 0'>
   <div class='ocr_carea' id='block_1_1' title="bbox 629 263 2327 316">
    <p class='ocr_par' dir='ltr' id='par_1_1' title="bbox 629 263 2327 316">
     <span class='ocr_line' id='line_1_1' title="bbox 629 263 2327 316; baseline 0.002 -4"><span class='ocrx_word' id='word_1_1' title='bbox 629 263 696 312; x_wconf 82' lang='lat'>12</span> <span class='ocrx_word' id='word_1_2' title='bbox 1137 263 1445 315; x_wconf 82' lang='lat' dir='ltr'>RICHERI</span> <span class='ocrx_word' id='word_1_3' title='bbox 1482 263 1986 316; x_wconf 81' lang='lat' dir='ltr'>HISTORIARUM</span> <span class='ocrx_word' id='word_1_4' title='bbox 2022 264 2246 316; x_wconf 86' lang='lat' dir='ltr'>LIBER</span> <span class='ocrx_word' id='word_1_5' title='bbox 2283 264 2327 316; x_wconf 95' lang='grc' dir='ltr'>Ι.</span> 
     </span>
    </p>
   </div>
   <div class='ocr_carea' id='block_1_2' title="bbox 506 429 2873 1104">
    <p class='ocr_par' dir='ltr' id='par_1_2' title="bbox 506 429 2873 1104">
     <span class='ocr_line' id='line_1_2' title="bbox 506 429 2870 514; baseline 0.002 -21"><span class='ocrx_word' id='word_1_6' title='bbox 506 453 610 496; x_wconf 78' lang='lat' dir='ltr'>sss.</span> <span class='ocrx_word' id='word_1_7' title='bbox 629 430 938 496; x_wconf 89' lang='lat' dir='ltr'>Rotberto</span> <span class='ocrx_word' id='word_1_8' title='bbox 999 429 1210 496; x_wconf 82' lang='lat' dir='ltr'>Gallia</span> <span class='ocrx_word' id='word_1_9' title='bbox 1231 443 1249 478; x_wconf 85' lang='lat'><em>¹</em></span> <span class='ocrx_word' id='word_1_10' title='bbox 1315 429 1558 497; x_wconf 83' lang='lat' dir='ltr'>Celtica</span> <span class='ocrx_word' id='word_1_11' title='bbox 1623 430 1885 514; x_wconf 86' lang='lat' dir='ltr'>collata,</span> <span class='ocrx_word' id='word_1_12' title='bbox 1949 433 2017 495; x_wconf 90' lang='lat' dir='ltr'>in</span> <span class='ocrx_word' id='word_1_13' title='bbox 2086 431 2436 497; x_wconf 72' lang='lat' dir='ltr'>Saxonis-m</span> <span class='ocrx_word' id='word_1_14' title='bbox 2451 434 2494 474; x_wconf 85' lang='lat'>*·</span> <span class='ocrx_word' id='word_1_15' title='bbox 2514 442 2537 476; x_wconf 83' lang='lat'><strong>²</strong></span> <span class='ocrx_word' id='word_1_16' title='bbox 2604 431 2870 498; x_wconf 86' lang='lat' dir='ltr'>secedit.</span> 
     </span>
     <span class='ocr_line' id='line_1_3' title="bbox 635 513 2873 602; baseline 0 -22"><span class='ocrx_word' id='word_1_17' title='bbox 635 513 832 580; x_wconf 81' lang='lat' dir='ltr'>Cuius</span> <span class='ocrx_word' id='word_1_18' title='bbox 874 515 1067 580; x_wconf 88' lang='lat' dir='ltr'>urbes</span> <span class='ocrx_word' id='word_1_19' title='bbox 1111 514 1417 601; x_wconf 88' lang='lat' dir='ltr'>sedesque</span> <span class='ocrx_word' id='word_1_20' title='bbox 1446 517 1657 601; x_wconf 88' lang='lat' dir='ltr'>regias</span> <span class='ocrx_word' id='word_1_21' title='bbox 1686 515 1977 599; x_wconf 73' lang='lat' dir='ltr'>lustrans,</span> <span class='ocrx_word' id='word_1_22' title='bbox 2010 537 2155 580; x_wconf 92' lang='lat' dir='ltr'>cum</span> <span class='ocrx_word' id='word_1_23' title='bbox 2192 517 2446 602; x_wconf 83' lang='lat' dir='ltr'>oppidis</span> <span class='ocrx_word' id='word_1_24' title='bbox 2486 513 2659 580; x_wconf 94' lang='lat' dir='ltr'>nullo</span> <span class='ocrx_word' id='word_1_25' title='bbox 2702 518 2873 580; x_wconf 90' lang='lat' dir='ltr'>reni-</span> 
     </span>
     <span class='ocr_line' id='line_1_4' title="bbox 633 599 2871 686; baseline 0 -22"><span class='ocrx_word' id='word_1_26' title='bbox 633 609 806 664; x_wconf 89' lang='lat' dir='ltr'>tente</span> <span class='ocrx_word' id='word_1_27' title='bbox 851 599 1140 664; x_wconf 83' lang='lat' dir='ltr'><strong>obtinuit.</strong></span> <span class='ocrx_word' id='word_1_28' title='bbox 1227 599 1362 664; x_wconf 90' lang='lat' dir='ltr'>Ubi</span> <span class='ocrx_word' id='word_1_29' title='bbox 1377 602 1437 632; x_wconf 82' lang='lat'>³⁸¹*</span> <span class='ocrx_word' id='word_1_30' title='bbox 1481 600 1675 664; x_wconf 87' lang='lat' dir='ltr'>etiam</span> <span class='ocrx_word' id='word_1_31' title='bbox 1704 600 2081 664; x_wconf 87' lang='lat' dir='ltr'>Heinricum</span> <span class='ocrx_word' id='word_1_32' title='bbox 2098 611 2143 682; x_wconf 52' lang='grc' dir='ltr'>ἃ,</span> <span class='ocrx_word' id='word_1_33' title='bbox 2186 601 2364 685; x_wconf 86' lang='lat' dir='ltr'>regio</span> <span class='ocrx_word' id='word_1_34' title='bbox 2408 621 2645 686; x_wconf 83' lang='lat' dir='ltr'>genere</span> <span class='ocrx_word' id='word_1_35' title='bbox 2685 599 2871 664; x_wconf 92' lang='lat' dir='ltr'>incli-</span> 
     </span>
     <span class='ocr_line' id='line_1_5' title="bbox 631 683 2871 770; baseline 0 -22"><span class='ocrx_word' id='word_1_36' title='bbox 631 693 772 748; x_wconf 84' lang='lat' dir='ltr'>tum</span> <span class='ocrx_word' id='word_1_37' title='bbox 800 705 878 748; x_wconf 92' lang='lat' dir='ltr'>ac</span> <span class='ocrx_word' id='word_1_38' title='bbox 905 683 1053 748; x_wconf 88' lang='lat' dir='ltr'>inde</span> <span class='ocrx_word' id='word_1_39' title='bbox 1085 685 1441 767; x_wconf 88' lang='lat' dir='ltr'>oriundum,</span> <span class='ocrx_word' id='word_1_40' title='bbox 1483 684 1712 749; x_wconf 86' lang='lat' dir='ltr'>ducem</span> <span class='ocrx_word' id='word_1_41' title='bbox 1744 683 2039 749; x_wconf 89' lang='lat' dir='ltr'>omnibus</span> <span class='ocrx_word' id='word_1_42' title='bbox 2082 685 2345 770; x_wconf 91' lang='lat' dir='ltr'>preficit.</span> <span class='ocrx_word' id='word_1_43' title='bbox 2436 683 2761 750; x_wconf 85' lang='lat' dir='ltr'>Sarmatas</span> <span class='ocrx_word' id='word_1_44' title='bbox 2773 686 2819 727; x_wconf 61' lang='grc' dir='ltr'>Β·</span> <span class='ocrx_word' id='word_1_45' title='bbox 2844 695 2871 730; x_wconf 75' lang='lat'>³</span> 
     </span>
     <span class='ocr_line' id='line_1_6' title="bbox 634 767 2870 917; baseline 0 -85"><span class='ocrx_word' id='word_1_46' title='bbox 634 767 877 853; x_wconf 85' lang='lat' dir='ltr'>absque</span> <span class='ocrx_word' id='word_1_47' title='bbox 920 767 1122 853; x_wconf 92' lang='lat' dir='ltr'>prelio</span> <span class='ocrx_word' id='word_1_48' title='bbox 1167 767 1455 833; x_wconf 88' lang='lat' dir='ltr'>subditos</span> <span class='ocrx_word' id='word_1_49' title='bbox 1508 767 1750 833; x_wconf 83' lang='lat' dir='ltr'><strong>habuit.</strong></span> <span class='ocrx_word' id='word_1_50' title='bbox 1836 768 2082 855; x_wconf 85' lang='lat' dir='ltr'>Anglos</span> <span class='ocrx_word' id='word_1_51' title='bbox 2102 781 2127 811; x_wconf 81' lang='lat'><strong>0</strong></span> <span class='ocrx_word' id='word_1_52' title='bbox 2171 790 2423 868; x_wconf 88' lang='lat' dir='ltr'>quoque</span> <span class='ocrx_word' id='word_1_53' title='bbox 2467 790 2545 833; x_wconf 88' lang='lat' dir='ltr'>ac</span> <span class='ocrx_word' id='word_1_54' title='bbox 2586 767 2870 917; x_wconf 41' lang='lat' dir='ltr'>relissos</span> 
     </span>
     <span class='ocr_line' id='line_1_7' title="bbox 628 850 2869 938; baseline 0 -22"><span class='ocrx_word' id='word_1_55' title='bbox 628 853 1194 929; x_wconf 87' lang='lat' dir='ltr'>transmarinorum</span> <span class='ocrx_word' id='word_1_56' title='bbox 1237 850 1512 938; x_wconf 88' lang='lat' dir='ltr'>populos</span> <span class='ocrx_word' id='word_1_57' title='bbox 1557 853 1721 916; x_wconf 85' lang='lat' dir='ltr'>mira</span> <span class='ocrx_word' id='word_1_58' title='bbox 1760 851 2188 934; x_wconf 87' lang='lat' dir='ltr'>benivolentia</span> <span class='ocrx_word' id='word_1_59' title='bbox 2226 851 2348 916; x_wconf 82' lang='lat' dir='ltr'>sibi</span> <span class='ocrx_word' id='word_1_60' title='bbox 2364 854 2393 895; x_wconf 79' lang='lat'>‘¹</span> <span class='ocrx_word' id='word_1_61' title='bbox 2422 852 2656 938; x_wconf 69' lang='lat' dir='ltr'>adegit.</span> <span class='ocrx_word' id='word_1_62' title='bbox 2791 854 2869 917; x_wconf 83' lang='lat' dir='ltr'>ix</span> 
     </span>
     <span class='ocr_line' id='line_1_8' title="bbox 631 935 2871 1022; baseline 0.001 -22"><span class='ocrx_word' id='word_1_63' title='bbox 631 945 889 1000; x_wconf 68' lang='lat' dir='ltr'>tamene</span> <span class='ocrx_word' id='word_1_64' title='bbox 933 959 1050 1022; x_wconf 92' lang='lat' dir='ltr'>per</span> <span class='ocrx_word' id='word_1_65' title='bbox 1107 936 1484 1000; x_wconf 88' lang='lat' dir='ltr'>decennium</span> <span class='ocrx_word' id='word_1_66' title='bbox 1503 947 1548 1000; x_wconf 78' lang='lat'>0.</span> <span class='ocrx_word' id='word_1_67' title='bbox 1634 935 1723 1000; x_wconf 86' lang='lat' dir='ltr'>Et</span> <span class='ocrx_word' id='word_1_68' title='bbox 1781 936 1941 1000; x_wconf 87' lang='lat' dir='ltr'>forte</span> <span class='ocrx_word' id='word_1_69' title='bbox 2003 935 2405 1001; x_wconf 87' lang='lat' dir='ltr'>felicissimus</span> <span class='ocrx_word' id='word_1_70' title='bbox 2468 959 2587 1022; x_wconf 90' lang='lat' dir='ltr'>per</span> <span class='ocrx_word' id='word_1_71' title='bbox 2650 938 2871 1002; x_wconf 85' lang='lat' dir='ltr'>omnia</span> 
     </span>
     <span class='ocr_line' id='line_1_9' title="bbox 629 1019 2065 1104; baseline 0.001 -20"><span class='ocrx_word' id='word_1_72' title='bbox 629 1019 870 1104; x_wconf 79' lang='lat' dir='ltr'>fuisset,</span> <span class='ocrx_word' id='word_1_73' title='bbox 915 1023 970 1084; x_wconf 95' lang='lat' dir='ltr'>si</span> <span class='ocrx_word' id='word_1_74' title='bbox 1014 1023 1082 1084; x_wconf 89' lang='lat' dir='ltr'>in</span> <span class='ocrx_word' id='word_1_75' title='bbox 1122 1041 1250 1084; x_wconf 90' lang='lat' dir='ltr'>uno</span> <span class='ocrx_word' id='word_1_76' title='bbox 1292 1021 1563 1084; x_wconf 88' lang='lat' dir='ltr'>nimium</span> <span class='ocrx_word' id='word_1_77' title='bbox 1605 1035 1735 1084; x_wconf 90' lang='lat' dir='ltr'>non</span> <span class='ocrx_word' id='word_1_78' title='bbox 1778 1030 2065 1085; x_wconf 82' lang='lat' dir='ltr'>errasset.</span> 
     </span>
    </p>
   </div>
   <div class='ocr_carea' id='block_1_3' title="bbox 395 1136 2866 2085">
    <p class='ocr_par' dir='ltr' id='par_1_3' title="bbox 855 1136 2648 1228">
     <span class='ocr_line' id='line_1_10' title="bbox 855 1136 2648 1228; baseline 0.003 -26"><span class='ocrx_word' id='word_1_79' title='bbox 855 1139 951 1205; x_wconf 84' lang='lat'>15.</span> <span class='ocrx_word' id='word_1_80' title='bbox 1039 1139 1290 1204; x_wconf 76' lang='lat' dir='ltr'>Nimiaf</span> <span class='ocrx_word' id='word_1_81' title='bbox 1326 1136 1553 1204; x_wconf 87' lang='lat' dir='ltr'>Karoli</span> <span class='ocrx_word' id='word_1_82' title='bbox 1574 1140 1596 1183; x_wconf 76' lang='lat' dir='ltr'>f</span> <span class='ocrx_word' id='word_1_83' title='bbox 1640 1139 1931 1205; x_wconf 75' lang='lat' dir='ltr'>dilectiof</span> <span class='ocrx_word' id='word_1_84' title='bbox 1974 1164 2127 1228; x_wconf 87' lang='lat' dir='ltr'>erga</span> <span class='ocrx_word' id='word_1_85' title='bbox 2166 1141 2593 1228; x_wconf 84' lang='lat' dir='ltr'>Haganonem</span> <span class='ocrx_word' id='word_1_86' title='bbox 2610 1143 2648 1207; x_wconf 77' lang='lat' dir='ltr'>f.</span> 
     </span>
    </p>

    <p class='ocr_par' dir='ltr' id='par_1_4' title="bbox 395 1241 2866 2085">
     <span class='ocr_line' id='line_1_11' title="bbox 799 1241 2866 1330; baseline 0.001 -24"><span class='ocrx_word' id='word_1_87' title='bbox 799 1242 968 1306; x_wconf 88' lang='lat' dir='ltr'>Nam</span> <span class='ocrx_word' id='word_1_88' title='bbox 1013 1264 1156 1307; x_wconf 92' lang='lat' dir='ltr'>cum</span> <span class='ocrx_word' id='word_1_89' title='bbox 1198 1242 1399 1308; x_wconf 84' lang='lat' dir='ltr'>multa</span> <span class='ocrx_word' id='word_1_90' title='bbox 1441 1242 1833 1329; x_wconf 80' lang='lat' dir='ltr'>benignitate</span> <span class='ocrx_word' id='word_1_91' title='bbox 1876 1245 2195 1330; x_wconf 83' lang='lat' dir='ltr'>principes</span> <span class='ocrx_word' id='word_1_92' title='bbox 2250 1241 2498 1325; x_wconf 90' lang='lat' dir='ltr'>coleret,</span> <span class='ocrx_word' id='word_1_93' title='bbox 2599 1245 2728 1308; x_wconf 92' lang='lat' dir='ltr'>reci</span> <span class='ocrx_word' id='word_1_94' title='bbox 2775 1267 2866 1309; x_wconf 86' lang='lat' dir='ltr'>ua</span> 
     </span>
     <span class='ocr_line' id='line_1_12' title="bbox 633 1326 2863 1413; baseline 0.001 -23"><span class='ocrx_word' id='word_1_95' title='bbox 633 1335 848 1390; x_wconf 88' lang='lat' dir='ltr'>tamen</span> <span class='ocrx_word' id='word_1_96' title='bbox 876 1326 1268 1391; x_wconf 86' lang='lat' dir='ltr'>beatitudine</span> <span class='ocrx_word' id='word_1_97' title='bbox 1296 1327 1363 1390; x_wconf 91' lang='lat' dir='ltr'><strong>H</strong></span> <span class='ocrx_word' id='word_1_98' title='bbox 1451 1350 1724 1392; x_wconf 87' lang='lat' dir='ltr'>anonem</span> <span class='ocrx_word' id='word_1_99' title='bbox 1754 1327 2051 1409; x_wconf 88' lang='lat' dir='ltr'>habebat,</span> <span class='ocrx_word' id='word_1_100' title='bbox 2098 1349 2290 1413; x_wconf 89' lang='lat' dir='ltr'>quem</span> <span class='ocrx_word' id='word_1_101' title='bbox 2317 1349 2400 1392; x_wconf 83' lang='lat' dir='ltr'>ex</span> <span class='ocrx_word' id='word_1_102' title='bbox 2429 1351 2531 1392; x_wconf 91' lang='lat' dir='ltr'>me</span> <span class='ocrx_word' id='word_1_103' title='bbox 2578 1330 2736 1392; x_wconf 92' lang='lat' dir='ltr'>iocri</span> <span class='ocrx_word' id='word_1_104' title='bbox 2783 1351 2863 1392; x_wconf 85' lang='lat' dir='ltr'>us</span> 
     </span>
     <span class='ocr_line' id='line_1_13' title="bbox 395 1411 2862 1497; baseline 0.002 -25"><span class='ocrx_word' id='word_1_105' title='bbox 395 1431 474 1484; x_wconf 62' lang='grc' dir='ltr'>’μ</span> <span class='ocrx_word' id='word_1_106' title='bbox 508 1434 612 1477; x_wconf 73' lang='lat'>574.</span> <span class='ocrx_word' id='word_1_107' title='bbox 633 1419 960 1495; x_wconf 91' lang='lat' dir='ltr'>potentem</span> <span class='ocrx_word' id='word_1_108' title='bbox 1003 1411 1328 1494; x_wconf 83' lang='lat' dir='ltr'>effecerat3</span> <span class='ocrx_word' id='word_1_109' title='bbox 1372 1435 1412 1476; x_wconf 87' lang='lat' dir='ltr'>a</span> <span class='ocrx_word' id='word_1_110' title='bbox 1458 1434 1535 1476; x_wconf 91' lang='lat' dir='ltr'>eo</span> <span class='ocrx_word' id='word_1_111' title='bbox 1564 1421 1635 1476; x_wconf 93' lang='lat' dir='ltr'>ut</span> <span class='ocrx_word' id='word_1_112' title='bbox 1662 1435 1769 1476; x_wconf 86' lang='lat' dir='ltr'>ma</span> <span class='ocrx_word' id='word_1_113' title='bbox 1860 1412 2067 1478; x_wconf 89' lang='lat' dir='ltr'>atibus</span> <span class='ocrx_word' id='word_1_114' title='bbox 2098 1411 2327 1497; x_wconf 89' lang='lat' dir='ltr'>quibus</span> <span class='ocrx_word' id='word_1_115' title='bbox 2372 1434 2453 1476; x_wconf 93' lang='lat' dir='ltr'>ue</span> <span class='ocrx_word' id='word_1_116' title='bbox 2497 1411 2719 1497; x_wconf 83' lang='lat' dir='ltr'>*longe</span> <span class='ocrx_word' id='word_1_117' title='bbox 2749 1411 2862 1478; x_wconf 85' lang='lat' dir='ltr'>ab·</span> 
     </span>
     <span class='ocr_line' id='line_1_14' title="bbox 636 1492 2865 1581; baseline 0.002 -24"><span class='ocrx_word' id='word_1_118' title='bbox 636 1492 1022 1576; x_wconf 78' lang='lat' dir='ltr'>sistentibuS,</span> <span class='ocrx_word' id='word_1_119' title='bbox 1079 1496 1219 1579; x_wconf 91' lang='lat' dir='ltr'>ipse</span> <span class='ocrx_word' id='word_1_120' title='bbox 1261 1497 1438 1579; x_wconf 85' lang='lat' dir='ltr'>regio</span> <span class='ocrx_word' id='word_1_121' title='bbox 1482 1496 1665 1560; x_wconf 88' lang='lat' dir='ltr'>lateri</span> <span class='ocrx_word' id='word_1_122' title='bbox 1709 1516 1777 1559; x_wconf 93' lang='lat' dir='ltr'>so</span> <span class='ocrx_word' id='word_1_123' title='bbox 1803 1519 1879 1560; x_wconf 90' lang='lat' dir='ltr'>us</span> <span class='ocrx_word' id='word_1_124' title='bbox 1920 1496 2223 1577; x_wconf 84' lang='lat' dir='ltr'>haereret,</span> <span class='ocrx_word' id='word_1_125' title='bbox 2280 1499 2347 1581; x_wconf 90' lang='lat' dir='ltr'>pi</span> <span class='ocrx_word' id='word_1_126' title='bbox 2396 1519 2541 1560; x_wconf 91' lang='lat' dir='ltr'>eum</span> <span class='ocrx_word' id='word_1_127' title='bbox 2585 1499 2775 1561; x_wconf 88' lang='lat' dir='ltr'>etiam</span> <span class='ocrx_word' id='word_1_128' title='bbox 2818 1521 2865 1562; x_wconf 82' lang='lat' dir='ltr'>a</span> 
     </span>
     <span class='ocr_line' id='line_1_15' title="bbox 633 1579 2861 1666; baseline 0.002 -26"><span class='ocrx_word' id='word_1_129' title='bbox 633 1579 846 1664; x_wconf 77' lang='lat' dir='ltr'>capite</span> <span class='ocrx_word' id='word_1_130' title='bbox 888 1579 1059 1662; x_wconf 83' lang='lat' dir='ltr'>regis</span> <span class='ocrx_word' id='word_1_131' title='bbox 1103 1579 1434 1664; x_wconf 82' lang='lat' dir='ltr'>sepissime</span> <span class='ocrx_word' id='word_1_132' title='bbox 1481 1588 1806 1666; x_wconf 90' lang='lat' dir='ltr'>sumptum</span> <span class='ocrx_word' id='word_1_133' title='bbox 1834 1580 2048 1666; x_wconf 86' lang='lat' dir='ltr'>palam</span> <span class='ocrx_word' id='word_1_134' title='bbox 2079 1580 2201 1643; x_wconf 87' lang='lat' dir='ltr'>sibi</span> <span class='ocrx_word' id='word_1_135' title='bbox 2229 1583 2600 1666; x_wconf 89' lang='lat' dir='ltr'>imponeret.</span> <span class='ocrx_word' id='word_1_136' title='bbox 2666 1582 2861 1662; x_wconf 76' lang='lat' dir='ltr'>Quod</span> 
     </span>
     <span class='ocr_line' id='line_1_16' title="bbox 632 1661 2861 1750; baseline 0.002 -26"><span class='ocrx_word' id='word_1_137' title='bbox 632 1665 826 1725; x_wconf 87' lang='lat' dir='ltr'>etiam</span> <span class='ocrx_word' id='word_1_138' title='bbox 883 1661 1147 1725; x_wconf 86' lang='lat' dir='ltr'>multam</span> <span class='ocrx_word' id='word_1_139' title='bbox 1201 1664 1339 1746; x_wconf 86' lang='lat' dir='ltr'>regi</span> <span class='ocrx_word' id='word_1_140' title='bbox 1390 1663 1602 1727; x_wconf 90' lang='lat' dir='ltr'>intulit</span> <span class='ocrx_word' id='word_1_141' title='bbox 1658 1662 1869 1729; x_wconf 88' lang='lat' dir='ltr'>labem</span> <span class='ocrx_word' id='word_1_142' title='bbox 1882 1676 1929 1728; x_wconf 69' lang='lat' dir='ltr'>g.</span> <span class='ocrx_word' id='word_1_143' title='bbox 2016 1664 2273 1728; x_wconf 88' lang='lat' dir='ltr'>Etenim</span> <span class='ocrx_word' id='word_1_144' title='bbox 2316 1667 2619 1750; x_wconf 88' lang='lat' dir='ltr'>primates</span> <span class='ocrx_word' id='word_1_145' title='bbox 2662 1665 2728 1729; x_wconf 81' lang='lat' dir='ltr'>id</span> <span class='ocrx_word' id='word_1_146' title='bbox 2768 1665 2861 1729; x_wconf 82' lang='lat' dir='ltr'>fe-</span> 
     </span>
     <span class='ocr_line' id='line_1_17' title="bbox 628 1745 2861 1848; baseline 0.002 -40"><span class='ocrx_word' id='word_1_147' title='bbox 628 1754 839 1809; x_wconf 91' lang='lat' dir='ltr'>rentes</span> <span class='ocrx_word' id='word_1_148' title='bbox 882 1745 1235 1830; x_wconf 84' lang='lat' dir='ltr'>indignum,</span> <span class='ocrx_word' id='word_1_149' title='bbox 1278 1769 1498 1832; x_wconf 87' lang='lat' dir='ltr'>regem</span> <span class='ocrx_word' id='word_1_150' title='bbox 1541 1746 1778 1812; x_wconf 86' lang='lat' dir='ltr'>adeunt</span> <span class='ocrx_word' id='word_1_151' title='bbox 1819 1771 1896 1813; x_wconf 87' lang='lat' dir='ltr'>ac</span> <span class='ocrx_word' id='word_1_152' title='bbox 1946 1748 2119 1834; x_wconf 87' lang='lat' dir='ltr'>apud</span> <span class='ocrx_word' id='word_1_153' title='bbox 2156 1771 2301 1812; x_wconf 93' lang='lat' dir='ltr'>eum</span> <span class='ocrx_word' id='word_1_154' title='bbox 2346 1750 2495 1813; x_wconf 89' lang='lat' dir='ltr'>satis</span> <span class='ocrx_word' id='word_1_155' title='bbox 2513 1750 2541 1791; x_wconf 85' lang='lat'>¹¹</span> <span class='ocrx_word' id='word_1_156' title='bbox 2587 1769 2861 1848; x_wconf 87' lang='lat' dir='ltr'>conque-</span> 
     </span>
     <span class='ocr_line' id='line_1_18' title="bbox 627 1827 2859 1934; baseline 0.002 -40"><span class='ocrx_word' id='word_1_157' title='bbox 627 1839 870 1912; x_wconf 83' lang='lat' dir='ltr'>runtur,</span> <span class='ocrx_word' id='word_1_158' title='bbox 920 1827 1243 1894; x_wconf 91' lang='lat' dir='ltr'>hominem</span> <span class='ocrx_word' id='word_1_159' title='bbox 1287 1830 1575 1896; x_wconf 82' lang='lat' dir='ltr'>obscuris</span> <span class='ocrx_word' id='word_1_160' title='bbox 1630 1831 2001 1934; x_wconf 86' lang='lat' dir='ltr'>parentibus</span> <span class='ocrx_word' id='word_1_161' title='bbox 2041 1843 2262 1896; x_wconf 85' lang='lat' dir='ltr'>natum</span> <span class='ocrx_word' id='word_1_162' title='bbox 2303 1836 2519 1917; x_wconf 84' lang='lat' dir='ltr'>regiae</span> <span class='ocrx_word' id='word_1_163' title='bbox 2562 1834 2859 1918; x_wconf 76' lang='lat' dir='ltr'>dignitati</span> 
     </span>
     <span class='ocr_line' id='line_1_19' title="bbox 627 1911 2858 2002; baseline 0.001 -25"><span class='ocrx_word' id='word_1_164' title='bbox 627 1911 898 1978; x_wconf 82' lang='lat' dir='ltr'>multum</span> <span class='ocrx_word' id='word_1_165' title='bbox 929 1913 1252 2000; x_wconf 79' lang='lat' dir='ltr'>derogare,</span> <span class='ocrx_word' id='word_1_166' title='bbox 1297 1936 1442 1979; x_wconf 82' lang='lat' dir='ltr'>cum</span> <span class='ocrx_word' id='word_1_167' title='bbox 1472 1916 1605 1980; x_wconf 86' lang='lat' dir='ltr'>acsi</span> <span class='ocrx_word' id='word_1_168' title='bbox 1633 1915 1985 2002; x_wconf 83' lang='lat' dir='ltr'>indigentia</span> <span class='ocrx_word' id='word_1_169' title='bbox 2012 1916 2323 1981; x_wconf 89' lang='lat' dir='ltr'>nobilium</span> <span class='ocrx_word' id='word_1_170' title='bbox 2352 1918 2491 2002; x_wconf 90' lang='lat' dir='ltr'>ipse</span> <span class='ocrx_word' id='word_1_171' title='bbox 2524 1927 2858 2002; x_wconf 84' lang='lat' dir='ltr'>tamquam</span> 
     </span>
     <span class='ocr_line' id='line_1_20' title="bbox 625 1996 2856 2085; baseline 0.002 -24"><span class='ocrx_word' id='word_1_172' title='bbox 625 1996 1025 2062; x_wconf 79' lang='lat' dir='ltr'>consulturus</span> <span class='ocrx_word' id='word_1_173' title='bbox 1067 2000 1206 2085; x_wconf 84' lang='lat' dir='ltr'>regi</span> <span class='ocrx_word' id='word_1_174' title='bbox 1249 2001 1536 2083; x_wconf 84' lang='lat' dir='ltr'>assistat3</span> <span class='ocrx_word' id='word_1_175' title='bbox 1582 2011 1645 2065; x_wconf 88' lang='lat' dir='ltr'>et</span> <span class='ocrx_word' id='word_1_176' title='bbox 1684 2002 1809 2064; x_wconf 88' lang='lat' dir='ltr'>nisi</span> <span class='ocrx_word' id='word_1_177' title='bbox 1848 2023 1887 2065; x_wconf 84' lang='lat' dir='ltr'>a</span> <span class='ocrx_word' id='word_1_178' title='bbox 1923 2011 2099 2065; x_wconf 82' lang='lat' dir='ltr'>tanta</span> <span class='ocrx_word' id='word_1_179' title='bbox 2139 2001 2589 2065; x_wconf 89' lang='lat' dir='ltr'>consuetudine</span> <span class='ocrx_word' id='word_1_180' title='bbox 2631 2011 2856 2084; x_wconf 81' lang='lat' dir='ltr'>cesset,</span> 
     </span>
    </p>
   </div>
   <div class='ocr_carea' id='block_1_4' title="bbox 623 2075 2858 2251">
    <p class='ocr_par' dir='ltr' id='par_1_5' title="bbox 623 2075 2858 2251">
     <span class='ocr_line' id='line_1_21' title="bbox 626 2075 2858 2170; baseline 0.001 -24"><span class='ocrx_word' id='word_1_181' title='bbox 626 2103 765 2147; x_wconf 88' lang='lat' dir='ltr'>sese</span> <span class='ocrx_word' id='word_1_182' title='bbox 809 2105 850 2146; x_wconf 84' lang='lat' dir='ltr'>a</span> <span class='ocrx_word' id='word_1_183' title='bbox 889 2083 1060 2169; x_wconf 84' lang='lat' dir='ltr'>regis</span> <span class='ocrx_word' id='word_1_184' title='bbox 1093 2083 1354 2148; x_wconf 90' lang='lat' dir='ltr'>consilio</span> <span class='ocrx_word' id='word_1_185' title='bbox 1385 2087 1639 2170; x_wconf 81' lang='lat' dir='ltr'>penitus</span> <span class='ocrx_word' id='word_1_186' title='bbox 1669 2085 2075 2150; x_wconf 67' lang='lat' dir='ltr'>discessuros</span> <span class='ocrx_word' id='word_1_187' title='bbox 2162 2086 2306 2149; x_wconf 84' lang='lat' dir='ltr'>Rex</span> <span class='ocrx_word' id='word_1_188' title='bbox 2349 2075 2858 2150; x_wconf 86' lang='lat' dir='ltr'>dissuasionibus</span> 
     </span>
     <span class='ocr_line' id='line_1_22' title="bbox 623 2166 2162 2251; baseline 0.002 -20"><span class='ocrx_word' id='word_1_189' title='bbox 623 2166 722 2231; x_wconf 89' lang='lat' dir='ltr'>his</span> <span class='ocrx_word' id='word_1_190' title='bbox 765 2167 1027 2230; x_wconf 88' lang='lat' dir='ltr'>minime</span> <span class='ocrx_word' id='word_1_191' title='bbox 1071 2167 1383 2251; x_wconf 78' lang='lat' dir='ltr'>creduluS,</span> <span class='ocrx_word' id='word_1_192' title='bbox 1428 2192 1469 2234; x_wconf 89' lang='lat' dir='ltr'>a</span> <span class='ocrx_word' id='word_1_193' title='bbox 1512 2167 1741 2234; x_wconf 86' lang='lat' dir='ltr'>dilecto</span> <span class='ocrx_word' id='word_1_194' title='bbox 1782 2192 1911 2234; x_wconf 93' lang='lat' dir='ltr'>non</span> <span class='ocrx_word' id='word_1_195' title='bbox 1955 2172 2162 2234; x_wconf 88' lang='lat' dir='ltr'>cessit.</span> 
     </span>
    </p>
   </div>
   <div class='ocr_carea' id='block_1_5' title="bbox 961 2289 2530 2376">
    <p class='ocr_par' dir='ltr' id='par_1_6' title="bbox 961 2289 2530 2376">
     <span class='ocr_line' id='line_1_23' title="bbox 961 2289 2530 2376; baseline 0.003 -25"><span class='ocrx_word' id='word_1_196' title='bbox 961 2289 1058 2353; x_wconf 87' lang='grc'>16.</span> <span class='ocrx_word' id='word_1_197' title='bbox 1144 2290 1541 2376; x_wconf 78' lang='lat' dir='ltr'>Indignatioi</span> <span class='ocrx_word' id='word_1_198' title='bbox 1584 2291 1904 2355; x_wconf 84' lang='lat' dir='ltr'>Rotbertii</span> <span class='ocrx_word' id='word_1_199' title='bbox 1948 2293 2013 2354; x_wconf 91' lang='lat' dir='ltr'>in</span> <span class='ocrx_word' id='word_1_200' title='bbox 2056 2290 2480 2375; x_wconf 84' lang='lat' dir='ltr'>Haganonem</span> <span class='ocrx_word' id='word_1_201' title='bbox 2498 2292 2530 2355; x_wconf 70' lang='lat' dir='ltr'>i.</span> 
     </span>
    </p>
   </div>
   <div class='ocr_carea' id='block_1_6' title="bbox 618 2389 2850 2730">
    <p class='ocr_par' dir='ltr' id='par_1_7' title="bbox 618 2389 2850 2730">
     <span class='ocr_line' id='line_1_24' title="bbox 785 2389 2850 2480; baseline 0.001 -26"><span class='ocrx_word' id='word_1_202' title='bbox 785 2389 1038 2456; x_wconf 86' lang='lat' dir='ltr'>Interea</span> <span class='ocrx_word' id='word_1_203' title='bbox 1064 2391 1412 2478; x_wconf 74' lang='lat' dir='ltr'>Belgicaek</span> <span class='ocrx_word' id='word_1_204' title='bbox 1456 2391 1757 2456; x_wconf 87' lang='lat' dir='ltr'>urbibus¹</span> <span class='ocrx_word' id='word_1_205' title='bbox 1803 2403 1991 2480; x_wconf 86' lang='lat' dir='ltr'>atque</span> <span class='ocrx_word' id='word_1_206' title='bbox 2038 2393 2290 2479; x_wconf 88' lang='lat' dir='ltr'>oppidis</span> <span class='ocrx_word' id='word_1_207' title='bbox 2332 2393 2692 2457; x_wconf 88' lang='lat' dir='ltr'>firmissime</span> <span class='ocrx_word' id='word_1_208' title='bbox 2738 2413 2850 2477; x_wconf 92' lang='lat' dir='ltr'>op-</span> 
     </span>
     <span class='ocr_line' id='line_1_25' title="bbox 618 2475 2847 2562; baseline 0.001 -25"><span class='ocrx_word' id='word_1_209' title='bbox 618 2475 828 2556; x_wconf 87' lang='lat' dir='ltr'>tentis,</span> <span class='ocrx_word' id='word_1_210' title='bbox 871 2476 938 2537; x_wconf 92' lang='lat' dir='ltr'>in</span> <span class='ocrx_word' id='word_1_211' title='bbox 954 2479 1042 2506; x_wconf 71' lang='lat'>*²⁸*</span> <span class='ocrx_word' id='word_1_212' title='bbox 1075 2475 1384 2540; x_wconf 81' lang='lat' dir='ltr'>Celticam</span> <span class='ocrx_word' id='word_1_213' title='bbox 1424 2476 1591 2540; x_wconf 90' lang='lat' dir='ltr'>redit</span> <span class='ocrx_word' id='word_1_214' title='bbox 1632 2498 1707 2541; x_wconf 92' lang='lat' dir='ltr'>ac</span> <span class='ocrx_word' id='word_1_215' title='bbox 1749 2476 1907 2540; x_wconf 87' lang='lat' dir='ltr'>urbe</span> <span class='ocrx_word' id='word_1_216' title='bbox 1952 2477 2337 2542; x_wconf 84' lang='lat' dir='ltr'>Suessonica</span> <span class='ocrx_word' id='word_1_217' title='bbox 2376 2478 2600 2562; x_wconf 90' lang='lat' dir='ltr'>recipit</span> <span class='ocrx_word' id='word_1_218' title='bbox 2644 2499 2783 2540; x_wconf 91' lang='lat' dir='ltr'>sese</span> <span class='ocrx_word' id='word_1_219' title='bbox 2800 2487 2847 2539; x_wconf 76' lang='lat'>4.</span> 
     </span>
     <span class='ocr_line' id='line_1_26' title="bbox 619 2553 2849 2645; baseline 0.001 -25"><span class='ocrx_word' id='word_1_220' title='bbox 619 2557 770 2620; x_wconf 92' lang='lat' dir='ltr'>Huc</span> <span class='ocrx_word' id='word_1_221' title='bbox 813 2579 896 2621; x_wconf 86' lang='lat' dir='ltr'>ex</span> <span class='ocrx_word' id='word_1_222' title='bbox 942 2561 1116 2622; x_wconf 91' lang='lat' dir='ltr'>omni</span> <span class='ocrx_word' id='word_1_223' title='bbox 1163 2559 1374 2624; x_wconf 77' lang='lat' dir='ltr'>Gallia</span> <span class='ocrx_word' id='word_1_224' title='bbox 1413 2561 1737 2645; x_wconf 89' lang='lat' dir='ltr'>principes</span> <span class='ocrx_word' id='word_1_225' title='bbox 1783 2559 2127 2625; x_wconf 91' lang='lat' dir='ltr'>confluunt.</span> <span class='ocrx_word' id='word_1_226' title='bbox 2213 2561 2361 2624; x_wconf 90' lang='lat' dir='ltr'>Huc</span> <span class='ocrx_word' id='word_1_227' title='bbox 2402 2562 2594 2626; x_wconf 85' lang='lat' dir='ltr'>etiam</span> <span class='ocrx_word' id='word_1_228' title='bbox 2634 2553 2849 2624; x_wconf 73' lang='lat' dir='ltr'>&#39;mino-</span> 
     </span>
     <span class='ocr_line' id='line_1_27' title="bbox 618 2641 2849 2730; baseline 0.002 -26"><span class='ocrx_word' id='word_1_229' title='bbox 618 2662 720 2704; x_wconf 87' lang='lat' dir='ltr'>res</span> <span class='ocrx_word' id='word_1_230' title='bbox 741 2643 766 2684; x_wconf 65' lang='grc' dir='ltr'>Τ</span> <span class='ocrx_word' id='word_1_231' title='bbox 808 2641 1006 2706; x_wconf 89' lang='lat' dir='ltr'>multo</span> <span class='ocrx_word' id='word_1_232' title='bbox 1058 2644 1274 2706; x_wconf 86' lang='lat' dir='ltr'>favore</span> <span class='ocrx_word' id='word_1_233' title='bbox 1334 2645 1718 2708; x_wconf 84' lang='lat' dir='ltr'>conveniunt</span> <span class='ocrx_word' id='word_1_234' title='bbox 1734 2646 1805 2708; x_wconf 76' lang='lat'>††-.</span> <span class='ocrx_word' id='word_1_235' title='bbox 1892 2645 2066 2709; x_wconf 79' lang='lat' dir='ltr'>lnter</span> <span class='ocrx_word' id='word_1_236' title='bbox 2110 2666 2267 2730; x_wconf 88' lang='lat' dir='ltr'>quos</span> <span class='ocrx_word' id='word_1_237' title='bbox 2312 2667 2457 2708; x_wconf 93' lang='lat' dir='ltr'>cum</span> <span class='ocrx_word' id='word_1_238' title='bbox 2500 2642 2849 2709; x_wconf 85' lang='lat' dir='ltr'>Rotbertus</span> 
     </span>
    </p>
   </div>
   <div class='ocr_carea' id='block_1_7' title="bbox 693 2793 2842 3380">
    <p class='ocr_par' dir='ltr' id='par_1_8' title="bbox 693 2793 2842 3380">
     <span class='ocr_line' id='line_1_28' title="bbox 763 2793 1438 2862; baseline 0.009 -17"><span class='ocrx_word' id='word_1_239' title='bbox 763 2793 806 2861; x_wconf 83' lang='grc'>*)</span> <span class='ocrx_word' id='word_1_240' title='bbox 846 2794 924 2847; x_wconf 74' lang='lat' dir='ltr'>ita</span> <span class='ocrx_word' id='word_1_241' title='bbox 958 2797 1014 2848; x_wconf 76' lang='lat'>2.</span> <span class='ocrx_word' id='word_1_242' title='bbox 1066 2797 1346 2862; x_wconf 80' lang='lat' dir='ltr'>Belgicam</span> <span class='ocrx_word' id='word_1_243' title='bbox 1391 2799 1438 2851; x_wconf 92' lang='lat'>1.</span> 
     </span>
     <span class='ocr_line' id='line_1_29' title="bbox 737 2867 2436 2940; baseline 0.004 -20"><span class='ocrx_word' id='word_1_244' title='bbox 737 2867 810 2935; x_wconf 80' lang='lat'>*’“)</span> <span class='ocrx_word' id='word_1_245' title='bbox 847 2869 956 2920; x_wconf 89' lang='lat' dir='ltr'>Ubi</span> <span class='ocrx_word' id='word_1_246' title='bbox 992 2897 1066 2907; x_wconf 94' lang='lat'>--</span> <span class='ocrx_word' id='word_1_247' title='bbox 1102 2871 1311 2936; x_wconf 86' lang='lat' dir='ltr'>preficit</span> <span class='ocrx_word' id='word_1_248' title='bbox 1350 2872 1380 2920; x_wconf 85' lang='lat'>2</span> <span class='ocrx_word' id='word_1_249' title='bbox 1423 2869 1479 2922; x_wconf 80' lang='grc' dir='ltr'>ἰη</span> <span class='ocrx_word' id='word_1_250' title='bbox 1516 2869 1761 2936; x_wconf 72' lang='lat' dir='ltr'>inferiori</span> <span class='ocrx_word' id='word_1_251' title='bbox 1799 2872 2054 2940; x_wconf 72' lang='lat' dir='ltr'>maryine,</span> <span class='ocrx_word' id='word_1_252' title='bbox 2095 2872 2215 2924; x_wconf 76' lang='lat' dir='ltr'>aliis</span> <span class='ocrx_word' id='word_1_253' title='bbox 2254 2875 2436 2926; x_wconf 74' lang='lat' dir='ltr'>erasis.</span> 
     </span>
     <span class='ocr_line' id='line_1_30' title="bbox 705 2939 2840 3014; baseline 0.003 -22"><span class='ocrx_word' id='word_1_254' title='bbox 705 2939 804 3008; x_wconf 81' lang='grc'>***)</span> <span class='ocrx_word' id='word_1_255' title='bbox 845 2941 1124 3004; x_wconf 70' lang='lat' dir='ltr'>Uestiam,</span> <span class='ocrx_word' id='word_1_256' title='bbox 1163 2959 1272 2995; x_wconf 88' lang='lat' dir='ltr'>rec.</span> <span class='ocrx_word' id='word_1_257' title='bbox 1311 2959 1430 2995; x_wconf 89' lang='lat' dir='ltr'>sese</span> <span class='ocrx_word' id='word_1_258' title='bbox 1470 2945 1502 2993; x_wconf 78' lang='lat'>2</span> <span class='ocrx_word' id='word_1_259' title='bbox 1540 2946 1599 2994; x_wconf 77' lang='lat' dir='ltr'>in</span> <span class='ocrx_word' id='word_1_260' title='bbox 1626 2946 1734 2996; x_wconf 83' lang='lat' dir='ltr'>loco</span> <span class='ocrx_word' id='word_1_261' title='bbox 1764 2961 1918 3005; x_wconf 72' lang='lat' dir='ltr'>ra805</span> <span class='ocrx_word' id='word_1_262' title='bbox 1941 2947 2181 3012; x_wconf 78' lang='lat' dir='ltr'>fortasse</span> <span class='ocrx_word' id='word_1_263' title='bbox 2216 2947 2397 3014; x_wconf 81' lang='lat' dir='ltr'>Aquas</span> <span class='ocrx_word' id='word_1_264' title='bbox 2435 2945 2840 3014; x_wconf 58' lang='lat' dir='ltr'>scrijitumfizit.</span> 
     </span>
     <span class='ocr_line' id='line_1_31' title="bbox 853 3017 2840 3088; baseline 0.002 -22"><span class='ocrx_word' id='word_1_265' title='bbox 853 3032 973 3066; x_wconf 89' lang='lat' dir='ltr'>cum</span> <span class='ocrx_word' id='word_1_266' title='bbox 1023 3017 1293 3082; x_wconf 84' lang='lat' dir='ltr'>paschalis</span> <span class='ocrx_word' id='word_1_267' title='bbox 1345 3018 1676 3070; x_wconf 84' lang='lat' dir='ltr'>sollemnitas</span> <span class='ocrx_word' id='word_1_268' title='bbox 1723 3021 2051 3081; x_wconf 83' lang='lat' dir='ltr'>immineret,</span> <span class='ocrx_word' id='word_1_269' title='bbox 2110 3021 2431 3088; x_wconf 77' lang='lat' dir='ltr'>Aquisgrani</span> <span class='ocrx_word' id='word_1_270' title='bbox 2486 3021 2688 3088; x_wconf 86' lang='lat' dir='ltr'>palatio</span> <span class='ocrx_word' id='word_1_271' title='bbox 2744 3036 2840 3072; x_wconf 85' lang='lat' dir='ltr'>rex</span> 
     </span>
     <span class='ocr_line' id='line_1_32' title="bbox 693 3091 1667 3157; baseline 0.001 -15"><span class='ocrx_word' id='word_1_272' title='bbox 693 3135 699 3142; x_wconf 90' lang='lat'>.</span> <span class='ocrx_word' id='word_1_273' title='bbox 851 3104 969 3140; x_wconf 85' lang='lat' dir='ltr'>sese</span> <span class='ocrx_word' id='word_1_274' title='bbox 1007 3092 1229 3157; x_wconf 86' lang='lat' dir='ltr'>recepit.</span> <span class='ocrx_word' id='word_1_275' title='bbox 1307 3091 1430 3142; x_wconf 88' lang='lat' dir='ltr'>Huc</span> <span class='ocrx_word' id='word_1_276' title='bbox 1467 3091 1667 3143; x_wconf 75' lang='lat' dir='ltr'>Ekkek.</span> 
     </span>
     <span class='ocr_line' id='line_1_33' title="bbox 756 3158 1382 3229; baseline 0.006 -17"><span class='ocrx_word' id='word_1_277' title='bbox 756 3158 808 3229; x_wconf 71' lang='lat'>†)</span> <span class='ocrx_word' id='word_1_278' title='bbox 847 3161 1144 3214; x_wconf 86' lang='lat' dir='ltr'>mediocres</span> <span class='ocrx_word' id='word_1_279' title='bbox 1179 3163 1382 3216; x_wconf 75' lang='lat' dir='ltr'>Ekkeh.</span> 
     </span>
     <span class='ocr_line' id='line_1_34' title="bbox 735 3232 2842 3306; baseline 0.002 -21"><span class='ocrx_word' id='word_1_280' title='bbox 735 3232 812 3302; x_wconf 77' lang='lat'>††)</span> <span class='ocrx_word' id='word_1_281' title='bbox 853 3239 1203 3300; x_wconf 83' lang='lat' dir='ltr'>conveniunt3</span> <span class='ocrx_word' id='word_1_282' title='bbox 1261 3243 1444 3288; x_wconf 84' lang='lat' dir='ltr'>assunt</span> <span class='ocrx_word' id='word_1_283' title='bbox 1483 3245 1538 3289; x_wconf 85' lang='lat' dir='ltr'>et</span> <span class='ocrx_word' id='word_1_284' title='bbox 1576 3238 1758 3302; x_wconf 83' lang='lat' dir='ltr'>duces,</span> <span class='ocrx_word' id='word_1_285' title='bbox 1799 3254 1865 3288; x_wconf 82' lang='lat' dir='ltr'>ex</span> <span class='ocrx_word' id='word_1_286' title='bbox 1904 3239 2135 3291; x_wconf 72' lang='lat' dir='ltr'>Saxonis</span> <span class='ocrx_word' id='word_1_287' title='bbox 2175 3240 2389 3306; x_wconf 86' lang='lat' dir='ltr'>quidem</span> <span class='ocrx_word' id='word_1_288' title='bbox 2428 3239 2732 3301; x_wconf 87' lang='lat' dir='ltr'>Heinricus,</span> <span class='ocrx_word' id='word_1_289' title='bbox 2774 3255 2842 3290; x_wconf 79' lang='lat' dir='ltr'>ex</span> 
     </span>
     <span class='ocr_line' id='line_1_35' title="bbox 851 3309 2842 3380; baseline 0.002 -19"><span class='ocrx_word' id='word_1_290' title='bbox 851 3309 1029 3361; x_wconf 86' lang='lat' dir='ltr'>Gallia</span> <span class='ocrx_word' id='word_1_291' title='bbox 1064 3312 1406 3378; x_wconf 88' lang='lat' dir='ltr'>Ruotpertus.</span> <span class='ocrx_word' id='word_1_292' title='bbox 1485 3311 1721 3363; x_wconf 85' lang='lat' dir='ltr'>Cottidie</span> <span class='ocrx_word' id='word_1_293' title='bbox 1772 3327 1927 3363; x_wconf 88' lang='lat' dir='ltr'>secus</span> <span class='ocrx_word' id='word_1_294' title='bbox 1964 3313 2104 3365; x_wconf 81' lang='lat' dir='ltr'>fores</span> <span class='ocrx_word' id='word_1_295' title='bbox 2149 3315 2285 3380; x_wconf 86' lang='lat' dir='ltr'>regii</span> <span class='ocrx_word' id='word_1_296' title='bbox 2332 3313 2568 3364; x_wconf 87' lang='lat' dir='ltr'>cubiculi</span> <span class='ocrx_word' id='word_1_297' title='bbox 2606 3319 2842 3377; x_wconf 82' lang='lat' dir='ltr'>manent,</span> 
     </span>
    </p>
   </div>
   <div class='ocr_carea' id='block_1_8' title="bbox 606 3435 2842 3670">
    <p class='ocr_par' dir='ltr' id='par_1_9' title="bbox 606 3435 2842 3670">
     <span class='ocr_line' id='line_1_36' title="bbox 723 3435 2841 3492; baseline 0.002 -14"><span class='ocrx_word' id='word_1_298' title='bbox 723 3435 772 3489; x_wconf 86' lang='lat' dir='ltr'>a)</span> <span class='ocrx_word' id='word_1_299' title='bbox 804 3437 1024 3480; x_wconf 77' lang='lat' dir='ltr'>Heinrico</span> <span class='ocrx_word' id='word_1_300' title='bbox 1055 3443 1168 3480; x_wconf 72' lang='lat' dir='ltr'>corr.</span> <span class='ocrx_word' id='word_1_301' title='bbox 1203 3439 1487 3479; x_wconf 86' lang='lat' dir='ltr'>Heinricum.</span> <span class='ocrx_word' id='word_1_302' title='bbox 1609 3437 1658 3490; x_wconf 87' lang='lat' dir='ltr'>b)</span> <span class='ocrx_word' id='word_1_303' title='bbox 1692 3450 1876 3489; x_wconf 86' lang='lat' dir='ltr'>quoque</span> <span class='ocrx_word' id='word_1_304' title='bbox 1907 3441 1985 3480; x_wconf 72' lang='lat' dir='ltr'>del.</span> <span class='ocrx_word' id='word_1_305' title='bbox 2107 3439 2149 3492; x_wconf 89' lang='lat' dir='ltr'>c)</span> <span class='ocrx_word' id='word_1_306' title='bbox 2182 3440 2437 3489; x_wconf 78' lang='lat' dir='ltr'>Anglorum</span> <span class='ocrx_word' id='word_1_307' title='bbox 2468 3441 2547 3482; x_wconf 75' lang='lat' dir='ltr'>del.</span> <span class='ocrx_word' id='word_1_308' title='bbox 2640 3439 2685 3492; x_wconf 87' lang='lat' dir='ltr'>d)</span> <span class='ocrx_word' id='word_1_309' title='bbox 2720 3443 2841 3482; x_wconf 88' lang='lat' dir='ltr'>mili-</span> 
     </span>
     <span class='ocr_line' id='line_1_37' title="bbox 606 3496 2841 3553; baseline 0.002 -16"><span class='ocrx_word' id='word_1_310' title='bbox 606 3501 706 3538; x_wconf 85' lang='lat' dir='ltr'>tare</span> <span class='ocrx_word' id='word_1_311' title='bbox 739 3501 778 3540; x_wconf 88' lang='lat'>1.</span> <span class='ocrx_word' id='word_1_312' title='bbox 873 3496 917 3549; x_wconf 91' lang='grc'>6)</span> <span class='ocrx_word' id='word_1_313' title='bbox 944 3498 998 3539; x_wconf 87' lang='lat' dir='ltr'>V.</span> <span class='ocrx_word' id='word_1_314' title='bbox 1031 3502 1062 3538; x_wconf 92' lang='lat' dir='ltr'>t.</span> <span class='ocrx_word' id='word_1_315' title='bbox 1095 3509 1140 3548; x_wconf 85' lang='lat' dir='ltr'>p.</span> <span class='ocrx_word' id='word_1_316' title='bbox 1174 3499 1217 3540; x_wconf 85' lang='lat' dir='ltr'>d.</span> <span class='ocrx_word' id='word_1_317' title='bbox 1251 3500 1297 3538; x_wconf 76' lang='lat' dir='ltr'>in</span> <span class='ocrx_word' id='word_1_318' title='bbox 1327 3509 1490 3548; x_wconf 68' lang='lat' dir='ltr'>mam-,-</span> <span class='ocrx_word' id='word_1_319' title='bbox 1521 3508 1597 3549; x_wconf 86' lang='lat' dir='ltr'>en,</span> <span class='ocrx_word' id='word_1_320' title='bbox 1628 3499 1755 3540; x_wconf 86' lang='lat' dir='ltr'>nium</span> <span class='ocrx_word' id='word_1_321' title='bbox 1786 3499 1897 3539; x_wconf 76' lang='lat' dir='ltr'>absc.</span> <span class='ocrx_word' id='word_1_322' title='bbox 1985 3498 2024 3551; x_wconf 83' lang='lat' dir='ltr'>f)</span> <span class='ocrx_word' id='word_1_323' title='bbox 2056 3501 2117 3552; x_wconf 85' lang='lat' dir='ltr'>ia,</span> <span class='ocrx_word' id='word_1_324' title='bbox 2147 3499 2367 3552; x_wconf 81' lang='lat' dir='ltr'>K(aroli),</span> <span class='ocrx_word' id='word_1_325' title='bbox 2396 3502 2457 3552; x_wconf 88' lang='lat' dir='ltr'>io,</span> <span class='ocrx_word' id='word_1_326' title='bbox 2490 3499 2841 3553; x_wconf 65' lang='lat' dir='ltr'>magnonem)</span> 
     </span>
     <span class='ocr_line' id='line_1_38' title="bbox 607 3555 2842 3611; baseline 0.002 -16"><span class='ocrx_word' id='word_1_327' title='bbox 607 3557 722 3598; x_wconf 76' lang='lat' dir='ltr'>absc.</span> <span class='ocrx_word' id='word_1_328' title='bbox 841 3555 888 3608; x_wconf 78' lang='lat' dir='ltr'>g)</span> <span class='ocrx_word' id='word_1_329' title='bbox 922 3557 1229 3598; x_wconf 80' lang='lat' dir='ltr'>calamitatem</span> <span class='ocrx_word' id='word_1_330' title='bbox 1261 3560 1302 3598; x_wconf 91' lang='lat'>1.</span> <span class='ocrx_word' id='word_1_331' title='bbox 1423 3556 1470 3610; x_wconf 84' lang='lat' dir='ltr'>h)</span> <span class='ocrx_word' id='word_1_332' title='bbox 1501 3569 1538 3597; x_wconf 88' lang='lat' dir='ltr'>s.</span> <span class='ocrx_word' id='word_1_333' title='bbox 1568 3558 1678 3598; x_wconf 82' lang='lat' dir='ltr'>inde</span> <span class='ocrx_word' id='word_1_334' title='bbox 1714 3559 1753 3599; x_wconf 89' lang='lat'>1.</span> <span class='ocrx_word' id='word_1_335' title='bbox 1856 3555 1891 3608; x_wconf 87' lang='lat' dir='ltr'>i)</span> <span class='ocrx_word' id='word_1_336' title='bbox 1921 3560 2063 3611; x_wconf 86' lang='lat' dir='ltr'>natio,</span> <span class='ocrx_word' id='word_1_337' title='bbox 2094 3559 2245 3610; x_wconf 66' lang='lat' dir='ltr'>theru,</span> <span class='ocrx_word' id='word_1_338' title='bbox 2276 3569 2475 3599; x_wconf 86' lang='lat' dir='ltr'>anonem</span> <span class='ocrx_word' id='word_1_339' title='bbox 2506 3559 2617 3602; x_wconf 78' lang='lat' dir='ltr'>absc.</span> <span class='ocrx_word' id='word_1_340' title='bbox 2708 3558 2757 3611; x_wconf 83' lang='lat' dir='ltr'>k)</span> <span class='ocrx_word' id='word_1_341' title='bbox 2791 3562 2842 3600; x_wconf 79' lang='lat' dir='ltr'>in</span> 
     </span>
     <span class='ocr_line' id='line_1_39' title="bbox 609 3615 2419 3670; baseline 0.003 -17"><span class='ocrx_word' id='word_1_342' title='bbox 609 3615 700 3655; x_wconf 84' lang='lat' dir='ltr'>loco</span> <span class='ocrx_word' id='word_1_343' title='bbox 741 3626 872 3666; x_wconf 69' lang='lat' dir='ltr'>ra805</span> <span class='ocrx_word' id='word_1_344' title='bbox 906 3615 1167 3657; x_wconf 82' lang='lat' dir='ltr'>Galliarum</span> <span class='ocrx_word' id='word_1_345' title='bbox 1199 3617 1484 3665; x_wconf 59' lang='lat' dir='ltr'>Molucham-dus,</span> <span class='ocrx_word' id='word_1_346' title='bbox 1517 3617 1595 3666; x_wconf 76' lang='lat' dir='ltr'>qui</span> <span class='ocrx_word' id='word_1_347' title='bbox 1624 3618 1724 3656; x_wconf 77' lang='lat' dir='ltr'>haec</span> <span class='ocrx_word' id='word_1_348' title='bbox 1754 3618 1989 3667; x_wconf 72' lang='lat' dir='ltr'>mcv-ipsit.</span> <span class='ocrx_word' id='word_1_349' title='bbox 2109 3616 2145 3670; x_wconf 88' lang='lat'>1)</span> <span class='ocrx_word' id='word_1_350' title='bbox 2177 3618 2343 3663; x_wconf 80' lang='lat' dir='ltr'>fluibus</span> <span class='ocrx_word' id='word_1_351' title='bbox 2378 3621 2419 3658; x_wconf 91' lang='lat'>1.</span> 
     </span>
    </p>
   </div>
   <div class='ocr_carea' id='block_1_9' title="bbox 601 3730 2839 4312">
    <p class='ocr_par' dir='ltr' id='par_1_10' title="bbox 601 3730 2839 4312">
     <span class='ocr_line' id='line_1_40' title="bbox 757 3730 2839 3798; baseline 0.001 -19"><span class='ocrx_word' id='word_1_352' title='bbox 757 3731 810 3789; x_wconf 86' lang='lat'>1)</span> <span class='ocrx_word' id='word_1_353' title='bbox 850 3731 1004 3779; x_wconf 88' lang='lat' dir='ltr'>Haec</span> <span class='ocrx_word' id='word_1_354' title='bbox 1052 3746 1220 3796; x_wconf 88' lang='lat' dir='ltr'>usque</span> <span class='ocrx_word' id='word_1_355' title='bbox 1266 3730 1507 3798; x_wconf 73' lang='lat' dir='ltr'>praeficit</span> <span class='ocrx_word' id='word_1_356' title='bbox 1558 3730 1915 3782; x_wconf 85' lang='lat' dir='ltr'>Ekkehardus</span> <span class='ocrx_word' id='word_1_357' title='bbox 1953 3732 2156 3798; x_wconf 78' lang='lat' dir='ltr'>Uraug.</span> <span class='ocrx_word' id='word_1_358' title='bbox 2193 3733 2250 3781; x_wconf 91' lang='lat' dir='ltr'>in</span> <span class='ocrx_word' id='word_1_359' title='bbox 2287 3732 2411 3783; x_wconf 90' lang='lat' dir='ltr'>hist.</span> <span class='ocrx_word' id='word_1_360' title='bbox 2451 3732 2696 3782; x_wconf 88' lang='lat' dir='ltr'>Heinrici</span> <span class='ocrx_word' id='word_1_361' title='bbox 2746 3747 2839 3782; x_wconf 82' lang='lat' dir='ltr'>ex-</span> 
     </span>
     <span class='ocr_line' id='line_1_41' title="bbox 607 3801 2838 3873; baseline 0.001 -19"><span class='ocrx_word' id='word_1_362' title='bbox 607 3802 852 3868; x_wconf 83' lang='lat' dir='ltr'>scripsit3</span> <span class='ocrx_word' id='word_1_363' title='bbox 895 3803 964 3855; x_wconf 83' lang='lat' dir='ltr'>cf.</span> <span class='ocrx_word' id='word_1_364' title='bbox 1002 3804 1168 3870; x_wconf 85' lang='lat' dir='ltr'>praef.</span> <span class='ocrx_word' id='word_1_365' title='bbox 1331 3801 1388 3871; x_wconf 81' lang='lat'>2)</span> <span class='ocrx_word' id='word_1_366' title='bbox 1425 3803 1533 3854; x_wconf 90' lang='lat' dir='ltr'>Hic</span> <span class='ocrx_word' id='word_1_367' title='bbox 1572 3811 1625 3856; x_wconf 82' lang='lat' dir='ltr'>et</span> <span class='ocrx_word' id='word_1_368' title='bbox 1662 3806 1719 3855; x_wconf 90' lang='lat' dir='ltr'>in</span> <span class='ocrx_word' id='word_1_369' title='bbox 1757 3805 2104 3871; x_wconf 86' lang='lat' dir='ltr'>sequentibus</span> <span class='ocrx_word' id='word_1_370' title='bbox 2141 3804 2302 3856; x_wconf 82' lang='lat' dir='ltr'>lectio</span> <span class='ocrx_word' id='word_1_371' title='bbox 2341 3807 2483 3872; x_wconf 89' lang='lat' dir='ltr'>prior</span> <span class='ocrx_word' id='word_1_372' title='bbox 2523 3822 2642 3856; x_wconf 90' lang='lat' dir='ltr'>cum</span> <span class='ocrx_word' id='word_1_373' title='bbox 2679 3821 2838 3873; x_wconf 86' lang='lat' dir='ltr'>prae-</span> 
     </span>
     <span class='ocr_line' id='line_1_42' title="bbox 606 3876 2839 3945; baseline 0.002 -18"><span class='ocrx_word' id='word_1_374' title='bbox 606 3877 746 3927; x_wconf 83' lang='lat' dir='ltr'>senti</span> <span class='ocrx_word' id='word_1_375' title='bbox 785 3876 998 3938; x_wconf 85' lang='lat' dir='ltr'>collata,</span> <span class='ocrx_word' id='word_1_376' title='bbox 1038 3882 1326 3939; x_wconf 84' lang='lat' dir='ltr'>auctorem,</span> <span class='ocrx_word' id='word_1_377' title='bbox 1363 3879 1554 3928; x_wconf 85' lang='lat' dir='ltr'>insano</span> <span class='ocrx_word' id='word_1_378' title='bbox 1596 3877 1826 3944; x_wconf 84' lang='lat' dir='ltr'>quodam</span> <span class='ocrx_word' id='word_1_379' title='bbox 1864 3880 2039 3943; x_wconf 84' lang='lat' dir='ltr'>gentis</span> <span class='ocrx_word' id='word_1_380' title='bbox 2080 3878 2258 3930; x_wconf 80' lang='lat' dir='ltr'>studio</span> <span class='ocrx_word' id='word_1_381' title='bbox 2298 3878 2607 3942; x_wconf 87' lang='lat' dir='ltr'>abductum,</span> <span class='ocrx_word' id='word_1_382' title='bbox 2646 3879 2839 3945; x_wconf 81' lang='lat' dir='ltr'>Belgis</span> 
     </span>
     <span class='ocr_line' id='line_1_43' title="bbox 606 3949 2838 4015; baseline 0.002 -15"><span class='ocrx_word' id='word_1_383' title='bbox 606 3949 863 4012; x_wconf 69' lang='lat' dir='ltr'>SaxoneS,</span> <span class='ocrx_word' id='word_1_384' title='bbox 923 3949 1222 4000; x_wconf 72' lang='lat' dir='ltr'>Gisleberto</span> <span class='ocrx_word' id='word_1_385' title='bbox 1273 3951 1586 4001; x_wconf 86' lang='lat' dir='ltr'>Heinricum</span> <span class='ocrx_word' id='word_1_386' title='bbox 1638 3952 1993 4015; x_wconf 81' lang='lat' dir='ltr'>substituisse,</span> <span class='ocrx_word' id='word_1_387' title='bbox 2034 3951 2209 4004; x_wconf 83' lang='lat' dir='ltr'>docet.</span> <span class='ocrx_word' id='word_1_388' title='bbox 2283 3950 2450 4003; x_wconf 85' lang='lat' dir='ltr'>Fides</span> <span class='ocrx_word' id='word_1_389' title='bbox 2505 3951 2705 4004; x_wconf 82' lang='lat' dir='ltr'>talibus</span> <span class='ocrx_word' id='word_1_390' title='bbox 2762 3954 2838 4004; x_wconf 87' lang='lat' dir='ltr'>ab</span> 
     </span>
     <span class='ocr_line' id='line_1_44' title="bbox 603 4022 2838 4091; baseline 0.002 -19"><span class='ocrx_word' id='word_1_391' title='bbox 603 4022 932 4074; x_wconf 83' lang='lat' dir='ltr'>Ekkehardo</span> <span class='ocrx_word' id='word_1_392' title='bbox 958 4023 1280 4088; x_wconf 84' lang='lat' dir='ltr'>Uraugiensi</span> <span class='ocrx_word' id='word_1_393' title='bbox 1319 4025 1598 4091; x_wconf 83' lang='lat' dir='ltr'>exscriptis</span> <span class='ocrx_word' id='word_1_394' title='bbox 1638 4027 1851 4076; x_wconf 89' lang='lat' dir='ltr'>omnino</span> <span class='ocrx_word' id='word_1_395' title='bbox 1888 4024 2153 4090; x_wconf 85' lang='lat' dir='ltr'>neganda,</span> <span class='ocrx_word' id='word_1_396' title='bbox 2194 4030 2247 4075; x_wconf 89' lang='lat' dir='ltr'>et</span> <span class='ocrx_word' id='word_1_397' title='bbox 2281 4025 2548 4077; x_wconf 86' lang='lat' dir='ltr'>historicis</span> <span class='ocrx_word' id='word_1_398' title='bbox 2587 4024 2657 4075; x_wconf 84' lang='lat' dir='ltr'>ad</span> <span class='ocrx_word' id='word_1_399' title='bbox 2696 4028 2838 4077; x_wconf 89' lang='lat' dir='ltr'>anti·</span> 
     </span>
     <span class='ocr_line' id='line_1_45' title="bbox 606 4096 2832 4161; baseline 0.002 -15"><span class='ocrx_word' id='word_1_400' title='bbox 606 4111 764 4161; x_wconf 86' lang='lat' dir='ltr'>quam</span> <span class='ocrx_word' id='word_1_401' title='bbox 804 4096 1089 4148; x_wconf 87' lang='lat' dir='ltr'>lectionem</span> <span class='ocrx_word' id='word_1_402' title='bbox 1127 4097 1268 4146; x_wconf 83' lang='lat' dir='ltr'>infra</span> <span class='ocrx_word' id='word_1_403' title='bbox 1305 4096 1611 4148; x_wconf 82' lang='lat' dir='ltr'>adnotatam</span> <span class='ocrx_word' id='word_1_404' title='bbox 1651 4099 1981 4150; x_wconf 74' lang='lat' dir='ltr'>redeundum</span> <span class='ocrx_word' id='word_1_405' title='bbox 2023 4104 2118 4150; x_wconf 88' lang='lat' dir='ltr'>est.</span> <span class='ocrx_word' id='word_1_406' title='bbox 2158 4125 2225 4136; x_wconf 90' lang='lat'><strong>—</strong></span> <span class='ocrx_word' id='word_1_407' title='bbox 2282 4098 2365 4150; x_wconf 82' lang='lat' dir='ltr'>cf.</span> <span class='ocrx_word' id='word_1_408' title='bbox 2402 4097 2645 4160; x_wconf 84' lang='lat' dir='ltr'>Wittich‚</span> <span class='ocrx_word' id='word_1_409' title='bbox 2694 4100 2832 4150; x_wconf 79' lang='lat' dir='ltr'>For·</span> 
     </span>
     <span class='ocr_line' id='line_1_46' title="bbox 603 4163 2833 4240; baseline 0.002 -20"><span class='ocrx_word' id='word_1_410' title='bbox 603 4163 880 4236; x_wconf 71' lang='lat' dir='ltr'>sch&#39;ungen</span> <span class='ocrx_word' id='word_1_411' title='bbox 912 4170 1017 4234; x_wconf 90' lang='grc' dir='ltr'><strong>ΙΙΙ,</strong></span> <span class='ocrx_word' id='word_1_412' title='bbox 1055 4187 1108 4238; x_wconf 88' lang='lat' dir='ltr'>p.</span> <span class='ocrx_word' id='word_1_413' title='bbox 1135 4170 1237 4220; x_wconf 82' lang='lat'>105</span> <span class='ocrx_word' id='word_1_414' title='bbox 1259 4187 1395 4237; x_wconf 66' lang='lat' dir='ltr'>sqq„</span> <span class='ocrx_word' id='word_1_415' title='bbox 1429 4176 1482 4222; x_wconf 90' lang='lat' dir='ltr'>et</span> <span class='ocrx_word' id='word_1_416' title='bbox 1507 4170 1692 4224; x_wconf 86' lang='lat' dir='ltr'>Jahrb.</span> <span class='ocrx_word' id='word_1_417' title='bbox 1729 4171 1992 4222; x_wconf 86' lang='lat' dir='ltr'>Heinrich</span> <span class='ocrx_word' id='word_1_418' title='bbox 2012 4171 2132 4240; x_wconf 78' lang='lat' dir='ltr'>I.&#39;p.</span> <span class='ocrx_word' id='word_1_419' title='bbox 2155 4170 2243 4222; x_wconf 84' lang='lat'>28.</span> <span class='ocrx_word' id='word_1_420' title='bbox 2395 4171 2453 4238; x_wconf 89' lang='lat'>3)</span> <span class='ocrx_word' id='word_1_421' title='bbox 2491 4173 2528 4222; x_wconf 92' lang='lat' dir='ltr'>i.</span> <span class='ocrx_word' id='word_1_422' title='bbox 2552 4188 2599 4222; x_wconf 90' lang='grc'>6.</span> <span class='ocrx_word' id='word_1_423' title='bbox 2622 4171 2833 4224; x_wconf 84' lang='lat' dir='ltr'>Sla&#39;vos.</span> 
     </span>
     <span class='ocr_line' id='line_1_47' title="bbox 601 4239 2611 4312; baseline 0.003 -22"><span class='ocrx_word' id='word_1_424' title='bbox 601 4239 662 4309; x_wconf 91' lang='lat'>4)</span> <span class='ocrx_word' id='word_1_425' title='bbox 703 4242 787 4295; x_wconf 84' lang='lat' dir='ltr'>Cf.</span> <span class='ocrx_word' id='word_1_426' title='bbox 825 4242 1115 4295; x_wconf 77' lang='lat' dir='ltr'>Flodoard.</span> <span class='ocrx_word' id='word_1_427' title='bbox 1161 4257 1210 4294; x_wconf 91' lang='lat' dir='ltr'>a.</span> <span class='ocrx_word' id='word_1_428' title='bbox 1252 4245 1376 4306; x_wconf 81' lang='lat'>920,</span> <span class='ocrx_word' id='word_1_429' title='bbox 1416 4246 1508 4310; x_wconf 89' lang='lat' dir='ltr'>qui</span> <span class='ocrx_word' id='word_1_430' title='bbox 1545 4245 1673 4297; x_wconf 85' lang='lat' dir='ltr'>huic</span> <span class='ocrx_word' id='word_1_431' title='bbox 1710 4245 1998 4297; x_wconf 86' lang='lat' dir='ltr'>narrationi</span> <span class='ocrx_word' id='word_1_432' title='bbox 2036 4247 2311 4297; x_wconf 85' lang='lat' dir='ltr'>materiam</span> <span class='ocrx_word' id='word_1_433' title='bbox 2349 4246 2611 4312; x_wconf 85' lang='lat' dir='ltr'>praebuit.</span> 
     </span>
    </p>
   </div>
  </div>
 </body>
</html>
