3059 4834
470 447 570 490 995.

351 1450 370 1470 '
386 1465 430 1504 p.
465 1452 566 1496 654.

352 1957 372 1978 ¹⁸
386 1961 465 2003 fol.
495 1958 567 2004 5⁶.

592 266 696 314 174
1060 264 1367 317 RIOHERI
1403 262 1906 317 HISTORIARUM
1943 263 2162 314 LIBER
2199 264 2336 323 1111:

588 431 842 499 dubitas
858 431 891 495 ‘?
975 431 1150 512 Quid
1203 455 1354 516 ergo
1410 440 1506 496 est
1559 432 1797 496 credita
1847 431 2011 496 nolle
2052 431 2315 496 reddere
2331 481 2350 513 ,
2405 433 2533 496 nisi
2588 445 2824 499 contra

587 539 770 601 reges
810 516 1087 580 infausta
1128 515 1377 580 moliri?
1460 515 1960 581 Evidentissime
2010 515 2204 580 fidem
2255 516 2571 602 abrupisti
2588 566 2605 599 ,
2662 539 2816 582 cum

588 599 765 686 apud
796 599 1096 664 Ottonem
1125 598 1203 664 de
1232 622 1457 684 regum
1484 601 1743 664 interitu
1787 601 2071 664 tractasti
2112 620 2459 686 eorumque
2501 599 2812 665 honorem

590 682 894 748 subruere
935 684 1280 768 temptasti.
1365 683 1556 748 Unde
1599 693 1664 748 et
1702 685 1967 768 periurii
2007 694 2186 748 reatu
2215 683 2534 749 detineris.
2608 684 2810 770 Lega-

586 769 826 832 tionem
870 769 1102 831 etiama
1145 777 1472 852 tamquam
1516 768 1598 832 ab
1644 769 1733 831 eis
1768 769 2029 831 missam
2059 768 2278 833 ottoni
2315 769 2452 854 regi
2494 767 2816 853 pertulisti

588 872 665 914 ac
693 850 867 936 apud
898 872 1042 913 eum
1074 849 1291 915 dolose
1335 850 1656 932 ordinasti,
1699 862 1771 916 ut
1811 853 1834 915 i
1883 874 1950 916 se
1993 873 2138 915 cum
2171 853 2437 937 paucis*
2481 851 2820 918 adveniret

589 943 653 999 et
714 932 985 998 militum
1055 933 1523 998 multitudinem
1595 937 1762 998 nonh
1858 957 2020 1020 onge
2091 934 2458 1021 expeditam
2526 934 2816 1002 haberet.

586 1016 873 1102 Regibus
904 1040 1028 1103 quo
1076 1040 1157 1081 ue
1198 1019 1428 1082 nostris
1456 1019 1818 1084 adversario
1863 1041 2010 1082 cum
2051 1019 2273 1104 paucis
2308 1041 2640 1084 occurrere
2669 1043 2820 1084 sua-

588 1103 726 1166 sisti
768 1110 957 1188 atque
1034 1103 1048 1116 ’
1101 1101 1115 1116 ‘
1169 1101 1319 1166 mali
1349 1124 1433 1165 ex
1460 1102 1583 1167 hoc
1612 1111 2069 1188 proventurum
2108 1103 2528 1189 spopondisti.
2620 1102 2817 1166 Hanc

592 1187 781 1250 etiam
828 1185 1310 1250 collocutionem
1364 1187 1683 1272 utrimque
1724 1185 2058 1250 utillimam
2100 1186 2264 1267 fieri,
2309 1186 2603 1268 dicebas,
2661 1209 2818 1252 cum

586 1269 701 1334 hos
746 1280 809 1335 et
848 1268 1027 1333 illum
1071 1269 1149 1334 de
1206 1271 1648 1335 communibus
1703 1280 1767 1335 et
1811 1271 2084 1396 privatis
2135 1269 2566 1334 familiariter0
2621 1269 2816 1335 collo-

588 1362 843 1418 cuturos
888 1352 1246 1418 simulabas,
1332 1353 1573 1419 Verum
1614 1352 1796 1418 aliter
1882 1353 2002 1418 tibi
2042 1355 2248 1418 visum
2292 1364 2454 1436 erat,
2500 1375 2648 1417 cum
2690 1354 2819 1419 hoc

584 1435 730 1501 ideo
785 1436 1209 1523 pretendebas
1224 1450 1267 1518 0,
1319 1449 1389 1503 ut
1431 1438 1512 1502 ab
1560 1438 1795 1504 Ottone
1849 1459 1999 1522 rege
2041 1441 2064 1464 *
2082 1437 2374 1502 dominos
2428 1447 2572 1502 tuos
2626 1461 2815 1524 reges

588 1519 1041 1606 comprehendi
1101 1520 1343 1597 faceres
1418 1543 1487 1584 re
1535 1543 1819 1668 numIque
1881 1522 2275 1584 Francorum
2327 1521 2396 1583 in
2457 1522 2555 1584 ius
2609 1521 2824 1586 illiusf

584 1603 1073 1684 transfunderes,
1117 1613 1190 1666 ut
1230 1614 1297 1667 tu
1340 1604 1486 1667 vide
1516 1607 1638 1667 'cet
1737 1627 2024 1670 emorum
2065 1604 2602 1691 metropolitanuS,
2653 1605 2806 1670 Odo

585 1708 737 1751 vero
781 1687 1174 1750 Francorum
1216 1687 1352 1750 dux
1394 1685 1752 1752 haberetur.
1847 1687 2052 1773 quue
2103 1698 2256 1752 tunc
2311 1688 2496 1753 nobis
2547 1689 2806 1752 omnino

585 1771 809 1855 patuit,
854 1770 967 1834 sed
1008 1770 1091 1835 ad
1130 1779 1381 1857 tempus
1424 1793 1834 1857 suppressum
1876 1772 2014 1837 fuit.
2099 1773 2187 1838 Et
2231 1775 2267 1836 ὃ
2312 1794 2594 1838 summae
2620 1772 2815 1836 Divi-

586 1855 803 1918 nitatis
854 1855 1322 1919 miserationem
1380 1855 1864 1920 inestimabilem
1880 1905 1896 1937 ,
1955 1859 2206 1942 quantis
2265 1857 2534 1920 miseriis
2585 1859 2822 1942 erepti,

591 1947 827 2024 quanto
857 1937 1171 2002 *ludibrio
1201 1939 1511 2003 subtracti
1540 1941 1790 2004 sumus!
1840 1941 2042 2005 Instat
2083 1951 2355 2026 temPUS,
2391 1961 2517 2025 quo
2546 1950 2820 2026 paratae

586 2020 854 2086 insidiae
914 2022 1211 2086 effectum
1264 2024 1658 2108 promittunt.
1763 2023 1821 2088 E
1869 2025 2072 2110 iscopi
2129 2025 2362 2089 etenim
2415 2024 2535 2089 sub
2594 2025 2816 2110 specie

585 2105 907 2190 religionis
951 2107 1084 2170 acsi
1127 2105 1204 2171 de
1246 2108 1646 2192 promotione
1688 2116 1751 2172 et
1791 2129 1830 2170 a
1876 2107 2188 2172 dicatione
2205 2119 2234 2162 g
2278 2106 2576 2172 Ger-berti
2619 2117 2818 2194 atque

584 2188 837 2253 Arnulfi
878 2190 1324 2275 episcoporum
1370 2191 1748 2288 quaesituri,
1805 2192 2128 2276 premissis
2171 2191 2230 2256 le
2277 2191 2396 2254 atis
2440 2190 2812 2257 adveniunt.

587 2272 740 2338 Otto
786 2296 1037 2360 quoque
1080 2297 1197 2338 rex
1236 2275 1418 2340 Metti
1474 2274 1672 2340 adest.
1736 2272 1825 2338 .A
1881 2297 2005 2361 quo
2063 2297 2192 2339 non
2270 2297 2433 2360 onge
2489 2277 2812 2340 exercitus

585 2356 884 2422 collectus
950 2357 1335 2444 predicatur.
1455 2357 1527 2422 Si
1587 2378 1739 2442 ergo
1795 2361 1964 2422 imus
1981 2408 1998 2440 ,
2055 2369 2166 2423 aut
2215 2358 2647 2445 pugnabimus
2702 2370 2817 2426 aut

584 2443 927 2526 capiemur.
1015 2440 1086 2505 Si
1128 2464 1278 2506 vero
1320 2464 1450 2506 non
1491 2442 1691 2524 imus,
1752 2443 2016 2540 periurii
2067 2464 2428 2528 arguemur.
2531 2442 2663 2508 Sed
2717 2445 2812 2508 ire

581 2548 763 2611 reges
805 2547 933 2589 non
976 2525 1254 2612 expedit,
1301 2547 1376 2590 eo
1423 2526 1597 2611 quod
1638 2524 1906 2590 mihtum
1951 2547 2025 2591 co
2074 2528 2136 2594 ia
2177 2526 2498 2591 sufficiens
2544 2528 2636 2592 eis
2679 2549 2812 2592 non

584 2611 683 2674 sit.
780 2609 1052 2674 Periurii
1105 2632 1257 2674 vero
1310 2619 1523 2674 reatus
1583 2610 1650 2673 in
1701 2618 1766 2674 te
1821 2610 2023 2674 redun
2067 2610 2228 2692 abit,
2294 2632 2440 2674 cum
2503 2621 2574 2675 tu
2635 2609 2810 2676 solus

580 2693 843 2778 regibus
884 2693 1115 2758 nesciis
1158 2694 1399 2758 iuratus
1442 2692 1564 2757 sis'.

750 2814 849 2877 98.
935 2813 1042 2876 Ad
1082 2811 1239 2876 haec
1294 2815 1632 2899 episcopus
1689 2812 2068 2878 erubescens
2086 2860 2102 2894 ,
2159 2810 2492 2878 obmutuit.
2594 2813 2808 2894 Quem

583 2918 730 2960 cum
773 2918 939 2959 unus
982 2918 1239 2960 suorum
1284 2895 1383 2960 his
1426 2897 1801 2961 exterritum
1843 2896 2036 2978 vidit,
2082 2905 2300 2961 contra
2342 2896 2501 2962 haec
2541 2919 2806 2982 respon-

582 3001 765 3044 surus
831 2983 1107 3044 surrexit
1168 2989 1231 3044 et
1298 2981 1389 3044 sic
1448 2978 1918 3045 oblocutoremh
1985 2979 2250 3044 adorsus
2321 2989 2443 3044 est:
2529 2980 2807 3046 ‘Horum

581 3064 862 3126 omnium
899 3063 1197 3145 obiector,
1241 3063 1397 3128 mihi
1426 3062 1781 3151 loquaturi.
1865 3062 2132 3146 Adsum,
2177 3065 2287 3149 qui
2366 3087 2439 3129 ro
2469 3065 2806 3132 criminato

578 3147 889 3212 rationem
932 3146 1149 3211 reddo·
1233 3147 1419 3212 Unus
1459 3158 1708 3213 tantum
1749 3147 1907 3212 haec
1934 3147 2230 3233 proferat.
2359 3159 2514 3235 aput
2547 3168 2807 3235 quoque

578 3253 765 3295 suum
807 3253 950 3294 meo
998 3231 1248 3296 obiciat.
1334 3233 1536 3296 Arma
1622 3254 1829 3317 uoque
1871 3231 2062 3295 armis
2107 3240 2449 3317 comparet.
2533 3233 2808 3298 Necnon

579 3325 641 3379 et
682 3316 849 3378 vires
892 3315 1137 3380 viribus
1183 3314 1497 3384 conserat’.
1637 3337 1760 3380 unc
1788 3337 1906 3401 pro
1942 3315 2200 3379 domino
2229 3337 2342 3380 suo
2377 3317 2802 3382 insanientem

578 3407 641 3463 et
662 3398 978 3463 fervidum
998 3398 1349 3463 Landricus
1380 3413 1629 3464 comes¹
1665 3400 1756 3463 sic
1789 3397 2162 3484 alloquitur:
2221 3398 2300 3463 ‘O
2326 3401 2564 3485 optime
2593 3399 2801 3482 mileS,

576 3481 801 3546 harum
855 3490 926 3545 ut
962 3482 1149 3546 video
1192 3481 1513 3547 fraudium
1614 3483 1820 3547 enitus
1875 3504 1940 3546 es
1983 3484 2242 3566 ignarus
2257 3484 2310 3544 Β.
2393 3483 2596 3565 Quae,
2649 3482 2804 3548 licet

576 3576 640 3632 te
683 3567 1031 3650 ignorante,
1074 3575 1289 3630 tamen
1331 3576 1402 3631 ut
1440 3589 1556 3653 pre
1609 3567 1850 3630 'cantur
1894 3567 2217 3652 quaesitae
2261 3578 2424 3632 sunt.
2502 3566 2692 3632 Unde
2737 3576 2808 3632 et

575 3659 865 3735 tempera
906 3651 1193 3713 animum
1208 3696 1224 3725 ,
1274 3651 1498 3734 mitiga
1539 3651 1873 3715 fervorem.
1957 3649 2144 3714 Bellil
2185 3652 2627 3715 necessitatem
2669 3673 2804 3714 non

574 3733 693 3798 tibi
733 3734 1043 3818 imponas,
1129 3734 1275 3798 Non
1315 3744 1377 3799 te
1421 3732 1742 3819 impellas,
1801 3733 1970 3798 unde
2029 3735 2350 3818 ingressus
2404 3733 2613 3799 redire
2669 3755 2798 3798 non

720 3876 769 3945 *)
808 3881 880 3930 ad
918 3877 1095 3930 locum
1136 3879 1279 3945 quod
1316 3879 1616 3946 Mosomum
1655 3877 1954 3944 appellatur
1989 3879 2117 3932 add.
2161 3879 2208 3933 1.

692 3986 739 4039 a)
772 3997 967 4036 namque
1000 3988 1041 4027 1.
1170 3984 1220 4037 b)
1253 3998 1299 4028 n.
1331 3987 1363 4028 1.
1397 3988 1498 4026 aliie
1525 3988 1826 4036 superem-imis
1855 3989 2044 4039 deletum,
2073 3988 2146 4028 sed
2174 3989 2260 4028 illis
2289 3990 2512 4039 camundis
2539 3991 2795 4029 restitutum.

576 4045 617 4098 c)
652 4057 688 4087 c.
706 4047 736 4087 f.
759 4048 801 4087 1.
951 4042 998 4097 d)
1032 4055 1072 4085 a.
1103 4045 1151 4084 id
1183 4047 1221 4088 1.
1382 4044 1427 4098 e)
1458 4046 1737 4096 pretndebas
1767 4058 1806 4090 c.
1961 4047 1997 4100 f)
2028 4046 2218 4088 alterius
2249 4048 2512 4090 transfundi
2542 4049 2719 4090 faceres
2750 4049 2794 4086 1.

573 4102 620 4156 g)
655 4114 698 4143 a.
732 4106 1052 4155 episcoporum
1085 4104 1140 4145 G.
1176 4106 1218 4147 1.
1365 4103 1415 4156 h)
1446 4115 1482 4144 s.
1514 4104 1693 4146 locutus
1724 4116 1768 4146 e.
1804 4107 1843 4147 1.
1992 4104 2026 4158 i)
2059 4107 2269 4148 intendat
2301 4109 2343 4150 1.
2501 4105 2550 4159 k)
2583 4109 2795 4158 ignarum

572 4175 686 4204 corr.
720 4163 911 4210 ignarus
945 4165 984 4204 1.
1101 4159 1138 4214 1)
1170 4162 1238 4203 Ne
1269 4163 1429 4212 impon
1458 4164 1588 4202 scribi
1617 4168 1820 4213 coeptum.

724 4254 782 4324 1)
818 4257 989 4308 Filius
1026 4257 1264 4309 Bodonis
1306 4259 1511 4310 comitis
1550 4259 1910 4313 Nivernensis.

3014 2769 3034 2827 Uni
3018 2509 3034 2698 μιᾳ-ιαμ.
