3059 4834
613 267 682 317 38
1160 265 1465 317 RICHERI
1505 265 2013 318 HISTORIARUM
2050 267 2274 318 LIBER
2313 267 2359 317 1.

492 450 592 491 ⁹82·
612 433 974 520 ingentibus
1005 434 1207 520 copiis
1243 434 1421 518 petit.
1511 432 1797 498 Clericus
1840 434 1997 498 nulli
2039 435 2107 498 in
2147 434 2303 500 urbe
2333 433 2497 499 male
2527 432 2855 516 creduluS,

609 520 854 583 facinus
918 518 1300 605 patrandum
1363 519 1429 581 in
1493 516 1633 582 loco
1699 516 2163 603 opperiebatur.
2264 519 2407 600 Quo
2468 516 2853 583 Adelelmus

613 603 938 676 accedens,
984 603 1065 668 ab
1097 624 1170 666 eo
1203 623 1347 665 cum
1379 603 1508 665 suis
1544 611 1851 688 exceptus
1898 612 2010 667 est.
2099 603 2494 688 Densatique
2523 605 2591 666 in
2618 624 2850 684 unum,

612 686 784 752 tubis
827 709 903 751 ac
948 685 1222 750 clamore
1265 697 1332 750 at
1377 709 1456 750 ue
1501 707 1822 750 armorum
1864 687 2131 772 strepitu
2183 688 2250 750 in
2305 689 2508 752 noctis
2566 686 2851 771 caligine

612 771 837 836 urbem
883 770 1242 835 exturbant.
1331 709 1520 834 &nde
1566 771 1738 834 cives
1796 772 2074 853 excitati,
2135 792 2280 836 cum
2324 793 2463 836 sese
2508 769 2653 834 dolo
2746 793 2851 835 er-

611 876 800 920 vasos
863 855 1303 935 advertissent,
1370 854 1525 938 fuga
1589 856 1670 919 ab
1734 853 2026 919 hostibus
2087 856 2285 941 erepti
2352 864 2513 919 sunt.
2612 794 2849 919 &Slus

614 949 856 1025 captus,
915 960 988 1003 eo
1035 938 1203 1024 quod
1248 938 1462 1003 hostes
1505 939 1574 1001 in
1614 960 1813 1002 unum
1856 941 2053 1003 iuncti
2111 963 2226 1025 per
2278 939 2501 1004 urbem
2554 938 2652 1003 dis
2702 941 2851 1024 ergi

611 1024 1109 1088 formidaverint.
1198 1022 1386 1087 Unde
1445 1032 1509 1086 et
1562 1020 1855 1087 omnibus
1914 1023 2277 1109 profugium
2336 1024 2557 1108 patuit.
2648 961 2847 1088 (gives

610 1110 826 1193 itaque
869 1108 1127 1172 abducti
1149 1119 1200 1188 ¹,
1258 1129 1297 1170 a
1341 1107 1572 1170 vicinis
1615 1129 1795 1170 arma
1836 1128 1913 1169 ac
1952 1105 2227 1192 reliquas
2282 1108 2620 1192 suppecias
2678 1107 2848 1171 acci-

654 1193 792 1255 iunt
834 1201 898 1256 et
939 1191 1044 1256 die
1133 1193 1310 1255 uinta
1351 1193 1788 1275 magnanimes
1830 1192 1900 1254 in
1941 1191 2166 1256 urbem
2207 1189 2509 1256 feruntur.
2600 1190 2848 1256 Subur-

653 1277 759 1340 ani
802 1277 994 1340 etiam
1036 1275 1094 1339 fe
1123 1277 1303 1340 iciter
1345 1274 1746 1340 subveniunt.
1831 1275 2127 1361 Pugnam
2171 1297 2322 1360 ergo
2358 1275 2845 1362 promptissime

609 1360 932 1425 adhibent.
1030 1358 1400 1424 Adelelmus
1459 1381 1612 1424 vero
1671 1357 2066 1446 clericusque
2132 1381 2279 1423 cum
2335 1363 2467 1424 suis
2531 1361 2847 1425 acerrime

608 1445 983 1509 renituntur.
1067 1445 1158 1508 At
1198 1443 1446 1528 vulgus,
1493 1444 1607 1528 qui
1649 1443 1717 1507 in
1758 1442 1915 1508 urbe
1946 1454 2339 1509 remanserat
2382 1445 2600 1530 eisque
2642 1443 2841 1508 fidem

611 1537 1008 1592 sacramento
1052 1528 1308 1607 fecerat,
1361 1527 1557 1592 fidem
1601 1526 1928 1613 abrumpit
1976 1550 2052 1592 ac
2096 1551 2136 1592 a
2177 1537 2355 1614 tergo
2402 1528 2685 1593 duritera
2729 1549 2842 1592 eos

612 1611 800 1675 cedit.
886 1611 1069 1675 Facti
1138 1619 1352 1676 autem
1425 1611 1705 1674 hostium
1764 1611 1977 1692 medii,
2047 1613 2117 1675 in
2178 1611 2551 1678 aecclesiam
2615 1611 2842 1697 fugere

612 1695 818 1759 coacti
861 1704 1023 1762 sunt.
1111 1694 1358 1759 Urbani
1386 1716 1542 1758 vero
1572 1692 1653 1757 ab
1683 1695 2086 1760 interioribus
2129 1698 2389 1783 recepti,
2434 1696 2844 1761 Adelelmum

612 1800 689 1843 ac
733 1777 1037 1842 clericum
1091 1780 1390 1864 persequi
1440 1801 1571 1842 non
1614 1779 2018 1844 desistebant.
2105 1781 2440 1866 Portisque
2492 1781 2843 1845 aecclesiae

613 1864 907 1942 concisiS,
963 1863 1178 1927 hostes
1222 1873 1533 1949 appetunt
1576 1885 1651 1926 ac
1696 1884 1876 1927 secus
1919 1863 2117 1928 altare
2164 1874 2463 1951 utrosque
2508 1886 2651 1928 cum
2703 1862 2843 1951 plu-

611 1947 789 2011 ribus
833 1944 972 2010 aliis
1016 1945 1355 2011 crudeliter
1408 1947 1905 2012 trucidaverunt.
1993 1946 2364 2034 Urbemque
2421 1950 2843 2049 possidentes,

613 2054 729 2095 sua
770 2053 1086 2117 recepere.
1175 2030 1426 2112 Quibus
1485 2033 1770 2116 patratis,
1824 2054 1899 2095 ac
1942 2030 2134 2118 legali
2185 2054 2486 2119 repurgio
2531 2032 2845 2099 aecclesia

613 2115 972 2197 emundata,
1003 2114 1371 2180 walbertus
1404 2114 1815 2181 Corbeiensis
1844 2117 2193 2181 monachus
2224 2128 2287 2181 et
2314 2116 2535 2200 abbas,
2580 2117 2661 2182 ab
2690 2139 2844 2204 rege

612 2200 900 2282 donatuS,
957 2223 1076 2286 per
1130 2199 1685 2286 metropolitanum
1739 2199 2080 2265 Artoldum
2123 2201 2643 2267 Noviomensium
2698 2224 2845 2266 con-

613 2293 897 2349 secratur
939 2285 1302 2370 episcopus.

613 2423 713 2488 64.
798 2424 1219 2509 Aquitaniaeb
1264 2433 1455 2510 atque
1501 2424 1895 2488 Vaseoniaeh
1939 2425 2302 2510 principesh
2346 2427 2484 2511 regi
2527 2424 2842 2490 Rodulfo⁰

1323 2506 1650 2571 militaturi
1668 2510 1696 2550 ¹³
1744 2519 2082 2573 occurrunt
2095 2511 2143 2573 ¹³.

490 2630 592 2671 932.
779 2609 1032 2673 Interea
1077 2607 1432 2672 Gothorum
1474 2610 1794 2706 principes
1824 2610 2343 2694 Ragemmundus
2373 2621 2434 2676 et
2462 2613 2842 2698 Ermingau-

615 2693 733 2756 dus
778 2714 970 2777 super
1011 2692 1295 2776 Ligerim
1339 2691 1605 2755 fluvium
1647 2694 1783 2777 regi
1828 2691 2198 2759 obvenienti
2240 2695 2577 2760 militatum
2624 2719 2841 2762 occur-

613 2784 762 2838 runt
803 2778 1064 2860 eiusque
1107 2775 1400 2840 manibus
1444 2797 1592 2838 suas
1635 2778 1921 2841 inserunt
1939 2789 1981 2841 ².
2069 2778 2364 2844 Militiam
2409 2781 2725 2866 spondent
2767 2804 2842 2845 ac

612 2860 762 2923 inde
791 2859 1002 2940 fidem,
1047 2867 1236 2942 prout
1277 2882 1393 2923 rex
1434 2859 1628 2941 iubet,
1674 2861 2051 2928 concedunt.
2136 2864 2278 2927 Rex
2321 2866 2467 2928 inde
2499 2865 2839 2950 digressuS,

614 2946 682 3007 in
723 2943 1110 3028 Aquitaniae
1169 2945 1484 3007 exteriora
1550 2966 1617 3008 se
1683 2944 1965 3009 contulit.
2054 2947 2199 3026 Quo
2255 2950 2447 3013 etiam
2502 2959 2564 3014 et
2618 2950 2839 3036 Lupus

615 3027 951 3092 Acinarius
995 3027 1225 3106 Vasco,
1272 3029 1382 3112 qui
1425 3049 1665 3112 equum
1707 3027 2027 3094 ferebatur
2068 3029 2300 3096 habere
2345 3055 2656 3097 annorum
2698 3033 2839 3120 plus

616 3132 808 3197 quam
868 3111 987 3174 100
1045 3119 1110 3174 et
1143 3110 1367 3174 'adhuc
1425 3121 1557 3175 toto
1615 3133 1880 3198 corpore
1932 3113 2413 3199 validissimum,
2478 3120 2617 3202 regi
2680 3117 2839 3182 mili·

612 3205 858 3259 taturus
911 3195 1210 3276 occurrit,
1276 3216 1352 3258 ac
1404 3197 1823 3281 provinciae(¹
1876 3201 2317 3283 procuratione
2376 3201 2657 3284 reddita,
2721 3225 2837 3267 rex

613 3278 954 3345 liberaliter
994 3277 1271 3344 reddidit
1313 3288 1502 3364 atque
1546 3303 1585 3343 a
1630 3302 1697 3344 se
1740 3282 2083 3367 principari
2130 3288 2459 3350 concessit.

1073 3419 1174 3483 65.
1265 3419 1505 3482 Turma
1546 3418 1902 3485 malorume
1948 3434 2011 3488 et
2052 3424 2362 3510 prodigia.

491 3547 593 3590 934,
778 3519 923 3583 Hac
1011 3542 1222 3605 uoque
1265 3531 1681 3606 tempestate³
1740 3524 1962 3609 igneae
2005 3527 2221 3590 Remis
2275 3528 2342 3591 in
2400 3527 2576 3592 caelo
2636 3530 2843 3593 acies⁵

613 3606 786 3668 visae
831 3615 933 3668 et&
1021 3627 1269 3669 ammae
1313 3607 1698 3690 sanguineae
1743 3611 1927 3694 quasi
1968 3609 2178 3674 iacula
2207 3622 2316 3676 aut
2345 3623 2668 3697 serpentes
2713 3611 2781 3676 dl

613 3709 881 3752 currere.
967 3690 1126 3752 Mox
1171 3711 1423 3775 quoque
1469 3692 1705 3756 subiith
1752 3702 1814 3756 et
1856 3695 2085 3778 pestiS,
2146 3694 2401 3781 papulis
2456 3696 2803 3783 erysipilati

611 3774 975 3837 innumeros
1019 3796 1308 3837 enecans.
1394 3775 1530 3838 Nec
1576 3774 1771 3839 multo
1816 3789 1961 3862 post
2006 3787 2066 3842 et
2107 3781 2277 3864 regis
2321 3779 2652 3846 defectus*
2693 3780 2809 3846 sub

730 3952 776 4004 a)
795 3955 1038 3995 durissime
1054 3959 1186 4004 urget
1207 3958 1246 3994 1.
1335 3954 1382 4007 b)
1415 3955 1713 4009 Aquitaniae,
1731 3969 1969 4011 co,pe,m,
1990 3971 2043 4014 oc
2074 3961 2185 4002 absc.
2281 3960 2322 4014 c)
2341 3959 2393 4000 R.
2426 3973 2460 4002 c.
2553 3961 2598 4013 d)
2634 3964 2763 4012 regni
2796 3965 2835 4005 1.

613 4009 657 4064 e)
689 4013 839 4053 lorum
871 4015 982 4055 absc.
1103 4015 1138 4066 f)
1162 4021 1262 4064 poet
1292 4017 1391 4057 add.
1515 4016 1561 4068 g)
1593 4021 1639 4057 et
1670 4029 1713 4066 q.
1748 4018 1780 4057 i.
1813 4027 1853 4058 a.
1886 4030 1922 4059 s.
1955 4019 2000 4058 fl.
2034 4031 2070 4062 s.
2103 4022 2145 4061 1.
2265 4020 2312 4071 h)
2348 4022 2591 4060 subsecuta
2624 4026 2692 4062 est
2726 4024 2748 4062 1

765 4162 818 4229 1)
857 4163 956 4215 loci
993 4164 1178 4217 milites
1217 4165 1344 4215 urbe
1378 4164 1624 4230 propulsi
1661 4166 1817 4217 Flod.
1968 4168 2026 4236 2)
2066 4171 2147 4218 Ex
2184 4170 2341 4222 Flod.
2384 4173 2505 4224 932.
2656 4170 2716 4239 3)
2756 4174 2837 4224 Ex

613 4236 770 4288 Flod.
811 4237 943 4302 9343
983 4240 1122 4290 Hist.
1164 4239 1314 4288 Rem.
1357 4239 1450 4300 IV,
1492 4239 1579 4290 25.
1730 4240 1789 4306 4)
1828 4242 1969 4293 Hist.
2010 4244 2159 4295 Rem.
2202 4245 2294 4308 IV,
2334 4245 2421 4296 26.
2820 4261 2843 4281 ‘³
