3059 4834
439 697 455 716 *
469 701 549 740 fol.
568 702 611 744 3.

409 1065 485 1119 ⁸1).
504 1069 605 1111 5¹71.

506 1667 608 1709 890.

502 2905 601 2946 898.

420 3664 437 3684 ⁶
453 3669 532 3712 fol.
550 3671 607 3712 3⁴.

631 264 663 312 6
1147 261 1454 314 RICHERI
1492 261 1994 314 HISTORIARUM
2030 261 2255 314 LIBER
2291 262 2338 315 1.

626 427 999 494 habebatur.
1085 428 1228 493 Rex
1280 430 1521 494 interea
1559 451 1678 526 per
1718 428 1861 494 loca
1876 433 1924 512 *,
1979 452 2140 517 quae
2192 431 2415 515 piratis
2468 429 2853 495 irruentibus

628 513 872 577 aditum
929 510 1285 599 prebebant
1298 523 1343 594 ³,
1399 514 1782 578 mumtiones
1839 515 2108 579 exstruit
2165 535 2242 578 ac
2296 515 2364 578 in
2420 514 2510 577 eis
2577 511 2853 576 militum

629 598 851 683 copias
895 598 1094 683 ponit.
1177 597 1326 682 Ipse
1370 617 1517 661 cum
1562 599 1847 662 exercitu
1887 599 1954 660 in
1996 596 2381 683 Aquitaniae
2423 607 2636 682 partes
2681 619 2853 662 sece-

630 681 805 762 denS,
868 703 1000 745 non
1042 689 1189 745 ante
1232 701 1300 744 se
1357 680 1708 746 rediturum
1807 702 2142 767 roponenS,
2209 684 2234 710 *
2250 703 2442 768 quam
2486 679 2855 766 supradicta

628 765 830 829 modii
872 764 1270 829 frumentarii
1312 786 1612 829 mensura
1655 767 1782 830 dua
1827 789 1901 829 us
1947 764 2228 864 dragmis
2269 767 2532 847 veniret,
2589 763 2854 850 gallina-

627 850 753 912 tius
808 870 959 913 vero
1019 848 1278 914 denario
1323 857 1515 935 atque
1561 850 1697 913 ovis
1740 848 1988 913 duabus
2031 850 2252 913 itldem
2295 848 2598 934 dragmis,
2655 869 2854 913 vacca

627 954 779 997 vero
821 930 1024 997 tribus
1067 933 1271 996 unciis
1315 931 1825 998 venumdaretur.

838 1055 861 1079 *
886 1055 942 1119 6.
1031 1054 1306 1139 Pyratae
1348 1054 1772 1118 Brittanniam
1815 1055 2132 1138 impetunt
2173 1074 2250 1116 ac
2292 1052 2642 1118 devastant.

795 1155 1045 1220 Interea
1085 1178 1235 1241 rege
1278 1155 1453 1241 apud
1496 1157 1721 1221 urbem
1763 1155 2054 1220 Anitium
2081 1166 2099 1200 ¹
2146 1175 2283 1218 rem
2324 1153 2652 1239 publicam
2710 1175 2854 1240 pro-

628 1250 903 1322 curante,
952 1248 1218 1325 pyratae
1260 1263 1300 1304 a
1343 1238 1575 1304 finibus
1619 1239 1954 1304 Neustriae
1969 1240 2027 1269 ¹⁸¹*
2069 1236 2257 1323 pulsi,
2312 1259 2458 1301 eum
2509 1237 2594 1302 ad
2609 1239 2637 1280 ¹³
2698 1239 2852 1303 inte-

625 1325 795 1388 riora
852 1322 1237 1410 Aquitaniae
1293 1324 1688 1389 concessisse
1705 1336 1730 1366 ⁰
1789 1323 2142 1392 dinoscunt.
2240 1319 2586 1386 Confluunt
2640 1322 2853 1408 itaque

626 1428 702 1470 ac
755 1406 1021 1472 classem
1076 1416 1305 1492 parant
1361 1418 1551 1495 atque
1608 1407 2033 1472 Brittanniam
2097 1407 2412 1491 repentini
2473 1407 2850 1491 irrumpunt.

625 1491 943 1555 Brittanni
997 1494 1327 1589 repentino
1383 1490 1803 1557 barbarorum
1857 1493 2104 1575 impetu
2143 1491 2362 1571 territi,
2422 1489 2851 1555 saevientibus

628 1574 878 1658 cedunt.
969 1572 1218 1674 Culque
1280 1577 1480 1641 vitam
1542 1585 1791 1639 tantum
1857 1573 2100 1638 salvare
2166 1575 2318 1637 satis
2382 1573 2518 1638 fuit.
2612 1573 2852 1638 Rerum

627 1680 885 1722 suarum
939 1680 1044 1723 ere
1093 1668 1329 1723 tionem
1398 1681 1589 1723 nemo
1655 1659 2017 1745 quaerebat.
2107 1656 2208 1720 De
2265 1657 2401 1722 vita
2454 1655 2849 1723 solummodo

628 1743 974 1840 agitabant.
1057 1828 1071 1842 .
1126 1743 1249 1807 nde
1314 1753 1377 1807 et
1442 1745 1571 1806 suis
1636 1743 1766 1808 fere
1833 1741 2127 1807 omnibus
2184 1739 2518 1824 derelictis,
2583 1751 2851 1826 pyratae

627 1835 1318 2008 ffiizmmffiffiussffffi.
1360 1827 1541 1975 131¹}ss
1542 1825 2282 1976 effeffiteffiffssffiffissnffp
2278 1834 2653 1973 ἕῗὲᾚιῗὲῑ
2696 1846 2785 1974 313²
2784 1848 2850 1973 ”3

630 2013 927 2058 successu
986 1992 1149 2080 elau,
1208 2018 1325 2080 per
1381 1997 1726 2060 exteriores
1769 1995 2162 2059 Brittanniae
2205 1993 2364 2057 fines
2407 2013 2591 2057 secus
2634 1991 2741 2057 An
2789 2015 2849 2057 e-

670 2099 860 2141 avum
888 2076 1303 2164 Aquitaniam
1345 2081 1706 2165 irrumpunt
1740 2077 2064 2164 multaque
2095 2074 2588 2162 depopulatione
2615 2086 2849 2141 terram

622 2099 976 2226 devastant.
1047 2160 1398 2227 Abducunt
1438 2165 1608 2228 viros
1652 2185 1729 2228 ac
1772 2161 2065 2226 mulieres
2109 2182 2485 2247 puerosque.
2559 2160 2850 2241 Quorum

622 2247 1049 2330 provectiores
1111 2248 1179 2310 in
1234 2259 1501 2334 utroque
1559 2270 1719 2312 sexu
1772 2247 2170 2313 obtruncant.
2258 2246 2498 2309 Pueros
2561 2245 2851 2308 servituti

622 2331 1009 2415 mancipant,
1066 2329 1335 2397 feminas
1393 2354 1545 2397 vero
1607 2354 1768 2417 quae
1824 2333 2138 2396 formosae
2189 2327 2574 2394 videbantur
2624 2329 2850 2412 prosti-

622 2421 822 2478 tuunt.

834 2537 891 2600 7.
983 2533 1126 2599 Odo
1170 2558 1289 2599 rex
1318 2537 1347 2577 ‘¹
1392 2544 1614 2601 contra
1655 2537 1961 2622 pyratasd
2005 2534 2401 2599 exercitumd
2442 2540 2644 2617 parat.

793 2633 924 2700 Sed
965 2635 1249 2700 nonnulli
1292 2639 1471 2701 vario
1516 2646 1752 2702 eventu
1796 2636 2014 2723 elapsi,
2070 2635 2365 2722 profugio
2411 2632 2639 2698 salvati
2683 2641 2846 2697 sunt.

623 2716 684 2781 A
730 2717 961 2805 quibus
1002 2720 1154 2784 dum
1200 2722 1694 2805 exagitarentur,
1740 2743 1894 2785 mox
1936 2719 2151 2787 Odoni
2165 2731 2189 2761 θ
2233 2720 2369 2805 regi
2410 2716 2610 2783 relata
2650 2715 2848 2782 fuere.

625 2801 753 2882 Qui
796 2825 1008 2867 rerum
1050 2804 1487 2890 magnitudine
1515 2816 1744 2888 motus,
1792 2812 2102 2891 quotquot
2131 2827 2214 2868 ex
2241 2802 2594 2888 Aquitania
2622 2801 2850 2885 potuit,

624 2887 648 2928 f
670 2886 878 2951 edicto
942 2889 1121 2973 regio
1186 2892 1567 2976 congregari
1620 2891 1908 2976 precepit
1971 2887 2202 2954 milites
2266 2886 2656 2973 peditesque.
2739 2882 2852 2946 Ex

624 2971 952 3036 Provintia
1038 2994 1265 3060 uoque,
1313 2996 1476 3060 quae
1504 2975 1814 3040 Rhodano
1860 2984 1922 3038 et
1950 2972 2224 3059 Alpibus
2268 2971 2558 3056 marique
2599 2988 2676 3031 ac
2721 2965 2851 3031 Gro-

622 3055 875 3119 thorum
917 3056 1030 3120 fim
1075 3080 1149 3121 us
1191 3060 1690 3146 circumquaque
1732 3059 2025 3139 ambitur,
2079 3054 2483 3121 Arelatenses
2527 3073 2603 3116 ac
2646 3049 2854 3115 Aura-

624 3141 872 3204 sicanos
892 3153 916 3186 ²
958 3141 1197 3206 habuit.
1289 3143 1418 3208 Sed
1462 3153 1523 3208 et
1553 3167 1638 3209 ex
1669 3143 1902 3209 Gothia
1931 3140 2325 3206 Tholosanos
2357 3147 2548 3223 atque
2576 3134 2854 3198 Nemau-

626 3225 800 3288 sinos
816 3235 859 3289 ⁸.
946 3224 1197 3306 Quibus
1250 3226 1550 3311 collectiS,
1596 3229 1910 3293 exercitus
1952 3227 2167 3312 regius
2210 3226 2276 3287 in
2320 3220 2542 3286 decem
2596 3216 2859 3284 milibus

625 3310 926 3394 equitum,
1040 3309 1279 3376 editum
1336 3335 1487 3378 vero
1546 3336 1662 3379 sex
1723 3310 1978 3377 milibus
2041 3318 2192 3374 erat.
2279 3303 2580 3370 Procedit
2633 3302 2854 3388 itaque

627 3415 808 3458 secus
836 3393 995 3460 Brid
1042 3418 1147 3460 am
1162 3398 1266 3481 ¹⁰·4,
1298 3399 1502 3462 sancti
1532 3397 1765 3462 Iuliani
1794 3396 2071 3460 martiris
2103 3400 2382 3457 castrum
2397 3389 2445 3470 ¹³,
2481 3389 2603 3451 iter
2630 3407 2855 3471 agens.

626 3477 1056 3566 Sanctumque
1110 3483 1304 3567 regiis
1354 3483 1537 3548 donis
1596 3490 1953 3562 veneratus,
1997 3475 2421 3543 Arvernicum
2474 3491 2716 3556 pagum
2757 3472 2857 3534 in-

622 3563 923 3708 {reditun
1009 3563 1158 3628 Huc
1197 3568 1328 3631 iam
1372 3567 1584 3632 hostes
1627 3566 2020 3632 advenerant
2048 3583 2127 3627 ac
2154 3567 2432 3623 castrum
2461 3553 2634 3640 quod
2661 3554 2856 3654 qus

679 3645 905 3712 anchei
920 3660 945 3694 ⁸
977 3648 1208 3715 dicitur
1234 3651 1596 3716 vehementi
1619 3649 1960 3716 hostilitate
1989 3640 2381 3732 premebant.
2470 3641 2493 3663 *
2509 3638 2651 3702 Rex
2677 3659 2858 3723 prm-

770 3788 820 3858 ¹'‘)
859 3792 895 3842 1.
936 3795 1199 3848 maritima
1241 3796 1289 3848 1.
1440 3797 1513 3863 **)
1553 3798 1816 3850 Franciae
1851 3796 1902 3845 1.

740 3916 786 3969 a)
819 3919 1096 3968 prebuerant
1128 3926 1167 3962 1.
1286 3922 1338 3975 b)
1362 3930 1463 3974 post
1494 3925 1595 3965 add.
1705 3921 1745 3974 c)
1776 3919 2020 3962 secessisse
2054 3917 2094 3956 1.
2215 3908 2262 3961 d)
2295 3922 2341 3962 Χ»
2373 3919 2504 3961 PYfflr
2536 3909 2702 3950 festum
2733 3913 2858 3954 ‘¹⁶⁸0-

624 3974 668 4027 e)
702 3977 755 4017 Ο.
785 3989 819 4019 c.
846 3979 1107 4029 plerumque.
1226 3980 1261 4033 f)
1297 3993 1355 4023 ex
1384 3984 1465 4024 del.

771 4091 826 4158 1)
864 4092 942 4144 Le
981 4094 1110 4162 Puy‚
1164 4113 1327 4163 prope
1373 4097 1548 4150 fontes
1585 4095 1815 4163 Ligeris.
1965 4087 2024 4154 2)
2062 4083 2281 4138 Incolae
2331 4083 2460 4148 pagi
2499 4083 2648 4135 cuius
2689 4095 2865 4155 capnt

624 4164 856 4230 orange.
968 4164 1028 4233 3)
1068 4171 1223 4220 Haec
1259 4172 1442 4222 omnia
1481 4169 1677 4221 dubiae
1704 4166 1834 4217 fidei
1860 4167 1998 4214 sunt.
2111 4157 2170 4224 4)
2209 4157 2461 4208 Brioude·
2572 4152 2633 4221 5)
2671 4158 2865 4215 Mont-

620 4238 849 4302 pensier‚
892 4255 919 4290 e
958 4242 1171 4294 sinistra
1208 4242 1453 4296 Elaveris
1491 4258 1658 4311 prope
1695 4241 2048 4306 Aigneperse‚
2085 4231 2225 4282 infra
2265 4227 2553 4281 Olermont·

2939 4509 2973 4810 *OQ-an.
