3059 4834
706 208 1014 261 RIOHERI
1053 211 1559 264 HISTORIARUM
1596 213 1822 265 LIBER
1859 215 1995 269 1111.
2370 217 2473 267 157

219 374 435 440 renda
476 374 634 437 nihil
676 368 1046 459 metuentes,
1093 398 1241 441 cum
1285 401 1360 443 ae
1409 401 1490 444 ue
1533 380 1774 445 iustum
1817 383 1917 465 sit,
1960 392 2025 448 et
2066 406 2246 448 reum
2281 386 2472 450 maie-
2489 392 2590 434 ⁹⁹1·

219 460 412 524 statis
455 460 747 524 damnari
791 470 854 525 et
894 462 1297 527 innocentem
1313 474 1338 505 ⁸
1405 464 1623 528 axari'.
2490 452 2579 491 ¹¹²²
2630 450 2700 491 ¹⁷·

219 580 332 645 59.
422 579 899 645 Demonstratio
953 581 1232 646 Ratbodi
1243 583 1291 665 ¹¹,
1348 584 1524 668 quod
1576 583 1902 648 libellumb
1962 585 2284 653 fidelitatis
2338 592 2469 676 epi-

459 664 637 749 scopi
654 665 683 706 b
725 664 1238 729 Lothariensium
1255 667 1284 708 ¹¹
1327 688 1667 753 perperam
1682 670 1711 711 b
1756 668 2234 737 calumnientur.

398 765 731 831 Ratbodus
759 766 1203 834 Noviomensis
1247 772 1589 856 episcopus
1620 769 1814 835 dixit:
1861 770 1954 837 ‘Si
1981 771 2210 857 placet,
2254 783 2469 859 patres
2489 786 2636 831 Gerb-
2672 799 2712 830 c.
2747 788 2789 834 '1-

223 850 582 932 reverendi,
626 848 909 914 libellum
965 851 1306 936 fidelitatis,
1367 852 1448 917 ab
1493 852 1765 917 Arnulfo
1824 856 2147 953 quondam
2204 858 2469 943 regibus

226 932 312 997 de
356 932 652 998 habenda
693 933 820 998 fide
863 948 1251 1021 porrectum,
1296 959 1336 1000 a
1360 935 1545 1001 vobis
1589 959 1760 1001 nunc
1791 938 2261 1003 dlscutiendum
2288 952 2467 1027 puto.

225 1015 503 1081 Videtur
546 1019 734 1100 enim,
790 1019 963 1104 quod
1005 1019 1175 1084 solus
1217 1021 1286 1083 in
1343 1023 1479 1085 eius
1536 1021 1987 1108 dampnatione
2041 1024 2335 1107 sufficiat,
2391 1047 2467 1091 eo

225 1100 405 1187 quod
449 1100 644 1166 fidem
686 1102 1091 1167 iureiurando
1149 1105 1535 1190 promissam
1592 1115 1656 1169 et
1712 1128 1937 1169 manus
1980 1108 2218 1193 scripto
2279 1109 2466 1174 robo-

220 1194 434 1249 ratam
461 1184 794 1271 sacrilegio
815 1198 838 1229 ⁰
867 1188 1168 1273 periurii⁰
1196 1190 1452 1273 penitus
1475 1188 1830 1256 violaverit.
1878 1190 2007 1255 Sed
2030 1204 2125 1256 est
2155 1192 2467 1277 quiddam

217 1268 400 1415 {guod
442 1270 780 1351 remordet,
840 1271 1013 1356 quod
1056 1271 1297 1338 scilicet
1338 1293 1378 1335 a
1419 1272 1932 1338 Lothariensium
1989 1276 2336 1362 episcopiS‚
2394 1286 2467 1341 ut

248 1362 439 1434 ertnr,
497 1365 714 1419 contra
769 1352 947 1417 illum
1001 1356 1378 1441 disputatur.
1468 1354 1955 1421 Calumniantur
1996 1359 2185 1440 enim,
2244 1371 2465 1426 contra

225 1436 401 1521 leges
432 1437 686 1501 divinas
716 1439 1041 1523 scriptum,
1071 1438 1326 1522 lectum,
1353 1440 1775 1505 reconditum.
1819 1441 2010 1506 Unde
2040 1452 2120 1525 et,
2152 1444 2206 1506 si
2235 1443 2461 1529 placet,

227 1522 357 1585 iam
402 1524 482 1584 *a
524 1521 708 1586 vobis
751 1523 1186 1588 discutiendus
1227 1524 1296 1586 in
1338 1524 1667 1588 medium‘l
1710 1524 2102 1609 proferatur'.
2187 1527 2696 1594 Sinodns·f01.5o.

224 1606 422 1670 dixit:
471 1605 891 1671 ‘Proferatur'.

627 1727 729 1791 60.
816 1726 1062 1792 Textus
1104 1726 1344 1793 libelli⁰
1384 1726 1707 1793 fidelitatis
1724 1742 1748 1771 θ
1791 1728 2061 1793 Arnulfi.

397 1827 686 1892 Prolatus
744 1837 841 1893 est
880 1830 1119 1916 itaque,
1162 1828 1326 1893 hanc
1369 1839 1584 1894 textus
1636 1832 1864 1895 seriem
1920 1829 2161 1896 habens
2180 1845 2229 1894 ¹:
2297 1832 2461 1917 ‘Ego
2484 1850 2522 1880 0·
2558 1840 2602 1880 ⁸·

227 1909 535 1975 Arnulfus
589 1914 796 1997 gratia
846 1913 976 1976 Dei
1038 1914 1448 1999 preveniente
1511 1914 1861 1978 Remorum
1922 1914 2313 2001 archiepisco
2364 1938 2461 1996 us,

223 1996 532 2081 promitto
584 1996 845 2080 regibus
903 1997 1300 2061 Francorum
1342 1996 1610 2081 Hugoni
1655 2008 1719 2061 et
1759 1997 2084 2080 Rotbert0‚
2126 2021 2229 2062 me
2271 2000 2315 2062 fi
2362 2020 2464 2063 em

223 2079 636 2165 purissimam
681 2088 1098 2162 servaturum,
1145 2080 1479 2143 consilium
1524 2091 1589 2145 et
1629 2080 1941 2144 auxilium
1985 2082 2076 2146 eis
2114 2083 2464 2148 secundum

223 2184 444 2227 meum
487 2165 648 2228 scire
692 2173 754 2228 et
795 2186 984 2249 posse
1027 2165 1094 2227 in
1139 2163 1432 2229 omnibus
1474 2166 1749 2249 negotiis
1788 2165 2213 2250 prebiturum3
2257 2166 2464 2231 inimi-

223 2246 356 2310 eisf
394 2268 616 2311 eorum
663 2269 783 2312 nec
827 2247 1090 2312 consilio
1148 2270 1269 2313 nec
1318 2246 1560 2311 auxilio
1603 2248 1691 2312 ad
1744 2270 1965 2313 eorum
2022 2248 2461 2315 infidelitatem

221 2331 504 2395 scienter
545 2330 931 2399 adiuturum.
1031 2331 1214 2396 Haec
1265 2332 1333 2395 in
1389 2343 1738 2418 conspectu
1795 2332 2051 2398 divinae
2110 2332 2475 2398 maiestatis

218 2425 290 2480 et
331 2415 668 2480 beatorum
711 2417 1050 2502 spirituum
1092 2426 1156 2480 et
1195 2417 1392 2481 totius
1430 2415 1779 2481 aecclesiae
1808 2416 2109 2480 assistens
2138 2419 2460 2516 promitte,

223 2519 342 2585 pro
386 2498 552 2563 bene
596 2501 858 2564 servatis
911 2500 1151 2565 laturus
1208 2500 1455 2586 premia
1507 2509 1802 2565 aeternae
1855 2499 2285 2565 beatitudinis,
2390 2500 2461 2567 Si

221 2604 378 2647 vero
396 2632 412 2663 ‚
480 2583 662 2669 quod·
705 2583 852 2650 nolo
908 2594 971 2649 et
1029 2584 1198 2670 quod
1257 2585 1450 2666 absit,
1517 2583 1602 2648 ab
1661 2583 1759 2647 his
1814 2582 2185 2666 deviavero,
2253 2586 2459 2648 omnis

220 2665 585 2732 benedictio
639 2690 784 2732 mea
834 2677 1240 2733 convertatur
1281 2669 1348 2730 in
1390 2666 1937 2748 maledictionem,
1998 2677 2060 2732 et
2111 2668 2268 2732 fiant
2324 2667 2461 2733 dies

219 2753 351 2815 mei
391 2753 616 2837 pauci,
677 2761 741 2816 et
783 2753 1222 2839 episcopatum
1281 2773 1495 2815 meum
1548 2752 1821 2850 accipiat
1874 2752 2049 2816 alter.
2136 2751 2464 2818 Recedant

219 2856 266 2897 a.
307 2857 411 2898 me
453 2836 647 2899 amici
691 2836 816 2899 mei
859 2837 1109 2922 sintque
1154 2845 1466 2922 perpetuo
1524 2836 1789 2899 inimici.
1887 2836 2062 2899 Huic
2116 2856 2237 2920 ego
2294 2837 2456 2900 ciro-

301 2918 472 3019 apho
518 2941 558 2982 a
599 2942 702 2983 me
762 2920 934 2984 edito
985 2922 1052 2983 in
1105 2921 1539 2984 testimonium
1593 2917 2055 2984 benedictionis
2108 2918 2213 2985 vel
2269 2919 2459 2984 male-

187 3008 194 3011 ’
271 3003 520 3067 'ctlonis
584 3024 764 3067 meae
822 3002 1157 3069 subscribo
1210 3002 1434 3067 fratres
1483 3026 1565 3068 ue
1618 3014 1683 3068 et
1730 3002 1898 3067 filios
1950 3026 2128 3068 meos
2185 3014 2257 3069 ut
2314 3003 2460 3067 sub-

213 3087 503 3151 scribant
549 3108 722 3172 rog0.
808 3087 952 3171 Ego
995 3085 1302 3151 Arnulfus
1343 3109 1452 3153 arc
1502 3088 1866 3173 ‘episcopus
1908 3088 2295 3173 subscripsi'.

299 3208 406 3271 61.
505 3205 812 3271 Arnulfus
872 3205 1195 3272 libellum&
1247 3228 1332 3271 ex
1386 3216 1570 3293 parte
1622 3207 1899 3293 probat&
1952 3217 2016 3271 et
2068 3230 2152 3271 ex
2204 3217 2387 3292 parte

1144 3292 1465 3376 vituperat
1484 3302 1530 3354 ἔ.

392 3393 540 3473 Quo
581 3393 866 3473 recitate,
911 3414 950 3455 a
993 3392 1218 3458 sinodo
1263 3392 1683 3477 investigatur
1696 3403 1739 3470 ²,
1794 3411 1878 3453 an
1934 3390 2199 3455 alicuius
2242 3413 2456 3477 repre·
2481 3416 2519 3445 c·
2553 3406 2595 3447 9-

217 3476 544 3541 hensionis
587 3485 700 3540 aut
741 3476 1125 3541 defensionis
1167 3477 1300 3541 vim
1350 3474 1587 3541 habere
1637 3474 1949 3539 videatur.
2036 3475 2219 3538 Tunc
2269 3497 2455 3541 vene-

217 3558 440 3626 rabilis
484 3562 825 3646 episcopus
868 3558 1192 3643 Arnulfus‚
1237 3581 1311 3624 eo
1358 3558 1533 3645 quod
1576 3558 1855 3623 officium
1895 3558 2354 3644 interpretandi
2396 3560 2457 3623 ei

217 3645 640 3709 commissum
683 3653 848 3709 erat:
905 3644 1012 3709 ‘Et
1052 3666 1170 3730 pro
1215 3641 1319 3725 se',
1361 3644 1589 3729 inquit,
1650 3650 1753 3707 ‘ex
1840 3653 1975 3708 arte
2019 3641 2449 3707 defensionem

214 3728 504 3795 eontinet
588 3737 652 3793 et
733 3729 903 3793 vires
968 3750 1051 3791 ex
1113 3736 1296 3813 parte
1359 3726 1799 3812 reprehensori
1847 3748 1925 3790 us
1988 3725 2451 3791 accommodat.

340 3890 386 3943 a)
420 3893 748 3933 innoxcentem
791 3891 922 3931 deleto
952 3902 997 3931 x.
1175 3888 1224 3941 b)
1265 3889 1431 3942 Ratbo‚
1471 3890 1581 3935 bell.
1624 3890 1833 3940 episcopi
1870 3890 1922 3941 L,
1967 3899 2211 3939 perperam
2245 3888 2298 3940 (ἲ)
2338 3889 2450 3931 abac.

207 3948 525 4049 ζζιέοἴωιέἀά.
647 3948 692 4002 d)
726 3951 879 3991 medio
913 3951 953 3991 1.
1083 3947 1127 4000 e)
1161 3949 1242 3989 elli
1272 3949 1362 3989 fide
1391 3949 1504 3991 abac.
1638 3948 1676 3999 f)
1702 3949 1767 3987 ita
1796 3960 1832 3989 0.
1969 3946 2016 3998 g)
2050 3948 2237 3994 bellum,
2268 3948 2452 3998 probat,

373 4103 428 4172 1)
476 4106 632 4157 Haec
683 4105 913 4157 fideliter
963 4104 1230 4171 exscripta
1277 4108 1402 4155 sunt
1449 4118 1516 4154 ex
1564 4103 1822 4155 Gerberto
1873 4118 1921 4153 c.
1960 4101 2015 4153 8.
2201 4099 2259 4166 2)
2296 4100 2453 4152 Haec

213 4177 482 4230 Richerus
523 4195 587 4229 ex
623 4179 827 4231 Amulfi
865 4179 1106 4231 oratione
1146 4178 1348 4231 sumsit.
