3059 4834
476 461 577 504 9¹12.

358 1391 437 1447 ⁸1).
472 1396 574 1441 ⁶16.

598 276 666 327 98
1119 275 1425 328 RICHERI
1464 274 1974 326 HISTORIARUM
1989 277 2000 288 '
2013 274 2234 326 LIBER
2273 274 2376 325 111.

1100 442 1203 507 36.
1272 440 1614 507 Secundaa
1654 441 1946 527 primatis
1991 439 2266 505 obiectio
2281 452 2326 505 ³.

767 543 1139 631 Rursusque
1183 546 1424 630 primas
1464 543 1805 608 exorsusb:
1854 541 2142 624 ‘Adhuc'‚
2187 543 2411 630 inquit,
2455 547 2688 606 ‘nostro
2734 563 2841 605 or-

601 629 733 692 dini
776 629 1036 691 inimica
1078 627 1417 714 proferam.
1503 627 1583 690 In
1627 647 1753 712 quo
1801 626 2060 712 quidam
2103 626 2536 707 dinoscuntur,
2598 623 2840 711 quibus

597 732 738 775 mos
791 710 1083 792 inolevit,
1141 722 1214 777 ut
1265 710 1384 776 soli
1441 734 1480 775 a
1524 711 1925 774 monasteriis
1984 709 2447 796 egrediantur0‚
2502 707 2620 773 soli
2676 708 2836 773 foris

598 794 771 858 nullo
816 795 917 859 sui
962 797 1173 881 operis
1203 804 1364 860 teste
1393 804 1710 874 maneant,
1757 804 1821 858 et
1857 793 2030 880 quod
2057 794 2411 880 pessimum
2441 803 2555 875 est,
2585 792 2836 878 absque

596 878 863 944 fratrum
906 879 1352 945 benedictione
1396 879 1502 943 et‘1
1548 888 1783 942 exeant
1838 889 1902 942 et
1959 878 2092 942 sine
2135 900 2213 942 ea
2265 878 2546 943 redeant.
2639 876 2836 940 Unde

597 984 728 1026 non
769 960 1042 1026 dubium
1085 972 1199 1044 est,
1245 984 1354 1028 eos
1396 960 1648 1026 facilius
1741 983 1882 1026 osse
1924 960 2076 1044 falli,
2133 983 2294 1048 quos
2337 962 2606 1025 fratrum
2650 981 2833 1024 oran-

596 1047 757 1111 tium
799 1045 1161 1112 benedictio
1204 1068 1333 1111 non
1376 1047 1640 1110 munitss.
1692 985 1865 1110 1lude
1910 1055 2025 1127 est,
2069 1045 2243 1132 quod
2278 1043 2609 1131 turpitudo
2637 1045 2832 1127 vitae,

598 1151 848 1194 morum
890 1131 1173 1216 pravitas
1184 1131 1220 1213 f,
1262 1151 1379 1216 pro
1428 1129 1670 1194 rietatis
1712 1127 2032 1216 peculium
2087 1127 2272 1193 nobis
2316 1131 2395 1192 ad
2445 1127 2833 1192 calumnian-

596 1213 767 1279 tibus
784 1215 813 1256 ⁴¹
856 1214 1286 1279 intenduntur.
1438 1212 1564 1277 nde
1595 1214 1788 1276 etiam
1816 1234 2076 1278 necesse
2106 1223 2222 1295 est,
2264 1222 2336 1277 ut
2362 1213 2462 1277 his
2493 1210 2834 1276 calumniis

598 1297 980 1381 subdamur,
1025 1320 1170 1362 cum
1210 1296 1558 1384 repulsioni
1595 1306 1789 1362 testes
1810 1294 2046 1362 habere
2074 1318 2203 1361 non
2240 1299 2579 1384 possimus
2643 1296 2836 1360 Hoc&

600 1385 624 1412 *
686 1403 896 1468 uoque
951 1392 1163 1448 vestra
1215 1403 1484 1447 censura
1587 1379 1916 1446 rohibeat'.
2005 1379 2282 1446 Sinodus
2341 1381 2582 1445 dixitd:
2656 1380 2834 1444 ‘Pro-

599 1463 665 1528 hi
713 1468 931 1530 eatur'.
1038 1465 1127 1529 Et
1181 1466 1534 1530 memorabi
1561 1465 1616 1528 is
1678 1463 2235 1549 metropolitanus:
2307 1463 2472 1528 ‘Hoc
2536 1467 2834 1551 quoque',

599 1550 825 1634 inquit,
871 1556 1109 1612 ‘nostra
1151 1549 1572 1612 auctoritateh
1617 1547 2066 1633 prohibemus'.

1132 1669 1233 1732 37.
1298 1667 1549 1732 Tertiai
1593 1667 1884 1753 primatis
1927 1667 2303 1754 indignatio,

764 1768 885 1832 His
932 1790 1186 1855 quoque
1238 1770 1477 1856 primas
1535 1768 1662 1833 alia
1716 1769 2102 1856 adiungens:
2177 1770 2555 1852 ‘Quoniam',
2599 1770 2664 1832 in
2712 1771 2832 1853 uit,

596 1851 696 1917 ‘de
759 1853 933 1917 vitiis
1004 1854 1206 1917 nostri
1266 1852 1503 1917 ordinis
1566 1853 1780 1918 dicere
1843 1856 2058 1941 coepi,
2120 1852 2277 1919 nihil
2340 1852 2671 1940 relinquen
2721 1876 2833 1918 um

642 1938 815 2001 utavi
832 1985 849 2019 ‚
892 1947 965 2002 ut
1005 1937 1104 2001 his
1160 1938 1389 2002 amotis
1446 1935 1671 2022 religio
1729 1948 1949 2002 nostra
1989 1939 2124 2002 acsi
2167 1937 2490 2003 enubilata
2529 1936 2830 2002 reluceat.

647 2030 762 2087 unt
804 2022 993 2102 enim,
1039 2022 1321 2107 inquam,
1364 2023 1568 2085 nostri
1612 2019 1850 2085 ordinis
1894 2023 2176 2108 quidam,
2223 2021 2458 2108 quibus
2482 2042 2670 2086 curae
2711 2031 2830 2105 est,

494 2181 509 2192 ἱ
593 2104 787 2205 pillea
828 2107 1036 2170 aurita
1078 2106 1275 2190 capiti
1317 2105 1650 2170 manifeste
1693 2106 1779 2168 im
1833 2127 2024 2170 onere
2074 2104 2400 2192 pellesque
2453 2105 2830 2206 peregrinas

640 2188 784 2254 11160
828 2187 1106 2274 regulari
1148 2210 1523 2275 preponere,
1577 2211 1696 2274 pro
1750 2211 1789 2252 a
1836 2190 2039 2255 iectae
2081 2191 2280 2254 vestis
2337 2188 2559 2254 habitu
2614 2199 2830 2254 vestes

591 2213 975 2338 lautissimas
1017 2272 1278 2337 induere
1291 2276 1339 2336 *.
1401 2272 1593 2336 ‘Nam
1637 2274 1886 2337 tunicas
1927 2275 2144 2372 magni
2188 2283 2437 2360 emptas
2473 2271 2830 2372 plurimum

596 2357 879 2456 cupiunt,
926 2377 1085 2442 quas
1129 2359 1220 2420 sic
1262 2356 1345 2420 ab
1390 2368 1663 2442 utroque
1715 2355 1910 2422 latere
1957 2367 2113 2422 strm
2161 2367 2277 2421 unt
2317 2358 2722 2442 manlcisque
2767 2368 2832 2422 et

592 2443 749 2527 girls
792 2438 1229 2505 diffluentibus
1274 2439 1656 2523 diffundunt,
1700 2451 1774 2505 ut
1814 2442 2034 2506 artatis
2079 2465 2113 2506 c
2140 2441 2374 2507 unibus
2413 2451 2478 2506 et
2504 2443 2828 2526 protensis

593 2526 848 2671 natibus
890 2525 1128 2633 ,potius
1195 2523 1616 2588 meretriculis
1682 2546 1876 2610 quam
1939 2525 2266 2590 monachis
2325 2548 2366 2590 a
2421 2535 2604 2612 tergo
2669 2526 2831 2590 assi-

591 2609 679 2672 mi
706 2618 891 2672 entur
912 2655 926 2671 .

1021 2690 1123 2755 38.
1188 2690 1338 2756 Dek
1382 2689 1748 2777 superfluok
1792 2693 2113 2756 vesfiumk
2158 2691 2388 2758 colore.

763 2791 960 2872 ‘Quid
980 2813 1134 2856 vero
1166 2791 1245 2856 de
1275 2792 1485 2858 colore
1512 2793 1838 2858 vestium?
1880 2795 2069 2860 Unde
2097 2804 2342 2860 tantum
2373 2794 2626 2894 decepti
2655 2804 2825 2878 sunt,

592 2885 666 2940 ut
707 2875 1035 2960 dignitatis
1086 2876 1314 2940 merita
1370 2874 1691 2941 coloribus
1749 2889 2138 2964 comparent.
2223 2878 2391 2942 Nam
2433 2879 2557 2943 nisi
2599 2881 2827 2944 tunica

590 2961 777 3045 nigro
823 2957 1034 3023 colore
1077 2958 1353 3041 deceatl,
1398 2982 1475 3024 ea
1515 2959 1696 3025 indui
1737 2960 1912 3026 nullo
1954 2961 2148 3027 modo
2190 2961 2422 3048 placet.
2532 2962 2725 3043 Quod
2767 2965 2825 3027 si

592 3045 786 3107 etiam
827 3043 1012 3127 nigro
1057 3041 1241 3107 albus
1284 3042 1560 3108 laneficii
1602 3065 1793 3130 opere
1835 3046 2239 3111 intermixtus
2284 3048 2383 3130 sit,
2428 3047 2531 3110 hic
2565 3069 2691 3133 quo
2741 3069 2824 3111 ue

590 3126 734 3192 talis
775 3136 1021 3191 vestem
1064 3125 1382 3191 abiectam
1425 3127 1596 3192 facit.
1690 3126 1932 3193 Fulvus
1992 3150 2248 3229 quoque
2303 3130 2596 3197 abicitur.
2681 3070 2822 3196 §ec

589 3212 801 3275 minus
860 3210 1046 3295 niger
1098 3213 1353 3276 nativus
1406 3233 1538 3276 non
1589 3211 1844 3295 sufficit,
1898 3215 2024 3276 nisi
2080 3224 2272 3279 et1am
2329 3216 2638 3280 corticum
2681 3215 2824 3279 infi-

590 3297 793 3361 ciatur
834 3295 1023 3360 sucis.
1110 3295 1325 3382 Atque
1368 3295 1527 3360 haec
1572 3295 1652 3361 de
1693 3295 2019 3361 vestibus'.

925 3415 1027 3480 39.
1093 3415 1255 3479 De¹¹¹
1300 3414 1920 3480 calciamentorumm
1965 3417 2400 3504 superfluitate
2417 3431 2480 3483 ¹¹¹.

763 3518 886 3582 ‘De
957 3514 1521 3582 calciamentorum
1584 3541 1735 3583 vero
1801 3518 2238 3604 superfluitate
2304 3520 2459 3607 quid
2501 3521 2824 3586 referam?

593 3600 869 3665 Tantum
914 3602 1084 3665 enim
1127 3602 1195 3664 in
1236 3600 1335 3664 his
1379 3602 1724 3685 insaniunt,
1781 3613 1853 3666 ut
1901 3602 2418 3668 commoditatem
2461 3605 2585 3670 sibi
2625 3604 2825 3691 pluri-

735 3761 782 3829 *)
825 3779 945 3814 cum
983 3764 1111 3815 boni
1160 3764 1356 3829 quique
1410 3765 1603 3830 capitis
1655 3764 1795 3830 (poet
1828 3765 1980 3831 add.)
2037 3783 2375 3835 quocumque
2413 3769 2650 3834 tegmine
2689 3783 2817 3818 con-

827 3837 961 3889 tenti
998 3838 1121 3888 sint.
1175 3836 1251 3886 Hi
1290 3851 1417 3902 ergo
1457 3852 1490 3886 a
1528 3837 1795 3902 religiosis
1817 3839 2138 3892 dissidentes
2178 3857 2282 3892 11011
2303 3839 2464 3892 sunt?
2502 3840 2636 3892 Cum
2675 3843 2820 3892 enim

827 3911 1056 3962 vestium
1097 3908 1360 3975 dignitate
1380 3909 1755 3997 ’delectantun
1793 3912 1981 3999 vilium
2020 3914 2207 4002 procul
2246 3914 2406 3966 dubio
2439 3914 2817 3983 abiectionem,

822 3983 965 4035 unde
1005 3999 1073 4035 ex
1109 3987 1259 4049 parte
1297 3982 1489 4048 religio
1539 3991 1958 4051 recognoscitur,
2008 3993 2222 4053 penitus
2269 3988 2554 4039 abhorrent
2591 3987 2720 4039 add.
2767 3988 2818 4038 1.

703 4089 748 4142 a)
793 4090 1021 4144 Secunda,
1056 4091 1132 4132 obi
1162 4091 1274 4133 abac.
1424 4091 1472 4144 b)
1517 4093 1567 4133 in
1597 4093 1689 4132 loco
1719 4104 1838 4135 raso.
1992 4093 2033 4146 c)
2076 4100 2247 4138 exeant
2290 4099 2330 4138 1.
2483 4094 2530 4148 d)
2567 4101 2672 4146 post
2712 4096 2817 4138 add.

584 4147 629 4201 e)
662 4150 861 4190 munivit
893 4153 930 4190 ι.
1078 4149 1113 4200 f)
1157 4151 1338 4201 pavitas
1374 4162 1488 4193 corr.
1533 4152 1738 4201 pravitas
1780 4155 1822 4192 1.
1972 4152 2018 4205 g)
2051 4155 2146 4196 Hos
2181 4157 2220 4195 1.
2357 4153 2406 4207 h)
2439 4156 2670 4197 auctorne.
2698 4166 2817 4198 corr.

584 4210 873 4251 auctoritate.
1023 4206 1059 4260 i)
1090 4209 1156 4250 Te
1196 4210 1309 4252 absc.
1440 4209 1489 4262 k)
1522 4212 1620 4263 De,
1649 4221 1698 4262 s,
1739 4213 1841 4251 vest
1879 4211 1994 4255 abeo.
2147 4212 2182 4266 1)
2215 4215 2349 4265 splen
2388 4215 2571 4255 seribere
2609 4220 2822 4266 coeptum.

582 4266 648 4321 111)
678 4269 750 4308 De
781 4277 850 4320 ca,
878 4269 1046 4318 torum,
1075 4271 1171 4308 tate
1200 4268 1311 4310 abeo.
