3059 4834
459 441 564 485 ow.

350 2769 368 2792 ⁸
384 2775 468 2819 101.
486 2776 557 2816 8⁷·

338 3233 416 3289 ’μ
450 3239 553 3280 621.

582 255 687 308 108
1104 257 1412 310 ΒῙΟΗΕΒῙ
1448 257 1958 310 HISTORIARUM
1992 257 2217 308 LIBER
2253 258 2363 308 111.

1029 424 1129 489 62.
1218 424 1403 504 Quae
1424 437 1445 472 ¹
1491 425 1576 488 sit
1618 445 1834 489 causa.
1856 424 2094 489 conditi
2135 424 2380 488 mundi.

752 526 883 606 Qui
926 549 1073 590 cum
1118 547 1157 588 a
1200 527 1547 608 GerbertO,
1602 535 1676 590 ut
1727 529 2009 612 apertius
2069 525 2226 611 quid
2276 525 2467 591 vellet
2519 526 2830 609 ediceret,

579 618 931 695 rogaretur,
974 619 1188 674 utrum
1234 609 1534 674 videlicet
1592 632 1855 674 eausam
1899 632 2027 696 qua
2068 613 2328 676 inventa
2371 621 2485 692 est,
2542 631 2628 673 an
2669 631 2829 674 cau-

582 715 721 759 sam
766 695 870 758 cui
910 696 1171 759 inventa
1211 693 1497 774 debetur,
1553 693 1658 758 ille
1700 715 1887 758 mox:
1947 695 1993 757 ‘I
2049 697 2223 776 sam',
2267 695 2490 780 inquit,
2536 700 2825 758 ‘causam

582 776 747 860 dieo,
788 789 1052 877 propter
1096 799 1288 863 quam
1333 780 1594 843 inventa
1635 777 1926 844 videtur’.
2068 800 2195 841 unc
2235 800 2388 842 vero
2434 776 2824 843 Gerbertus:

582 860 965 944 ‘Quomam',
1007 863 1233 948 inquit,
1290 869 1480 925 ‘nunc
1520 871 1697 947 patet
1739 862 1895 947 quid
1936 884 2279 949 proponas,
2323 863 2489 942 ideo,
2533 863 2820 948 inquam,

581 947 841 1011 inventa
895 956 1020 1028 est,
1079 956 1153 1010 ut
1194 968 1278 1010 ex
1322 968 1398 1010 ea
1441 967 1904 1029 cognoscamus
1961 946 2180 1011 divina
2223 955 2288 1010 et
2326 946 2644 1010 humana'.
2727 946 2822 1010 Et

585 1029 878 1095 Otricus:
923 1027 1113 1113 (Ου’,
1156 1031 1384 1116 inquit,
1426 1031 1635 1094 ‘unius
1664 1032 1756 1095 rei
1787 1051 2046 1094 eausam
2077 1040 2173 1095 tot
2202 1028 2588 1094 dictionibus
2615 1031 2821 1094 nomi·

581 1116 749 1178 nasti
764 1163 782 1196 ,
827 1135 975 1177 cum
1016 1136 1099 1178 ex
1127 1135 1254 1178 una
1282 1113 1569 1178 fortassis
1600 1115 1914 1178 nominari
1941 1115 2168 1200 potuit,
2201 1124 2266 1178 et
2292 1112 2821 1200 philosophorum

580 1199 664 1261 sit
703 1197 1003 1263 brevitati
1044 1197 1343 1262 studere?

580 1311 684 1379 63.
772 1309 969 1390 Quod
1008 1331 1140 1373 non
1183 1311 1397 1373 omnia
1436 1312 1696 1457 nonf1fina
1739 1331 2077 1374 causarum
2119 1308 2388 1394 singulis
2430 1306 2820 1372 dictionibus

1516 1417 1551 1458 e
1601 1403 1880 1458 eruntur.

752 1494 1103 1561 Gerbertus
1160 1517 1447 1582 quoque:
1507 1495 1672 1559 ‘Non
1731 1498 1966 1559 omnes’
1984 1545 2000 1578 ,
2055 1495 2298 1580 inquit,
2364 1501 2618 1560 ‘causae
2689 1517 2822 1559 uno

579 1579 795 1645 valent
834 1580 1093 1643 nomine
1135 1579 1425 1663 proferri.
1510 1579 1769 1643 Etenim
1813 1601 1960 1643 cum
2003 1599 2042 1642 a
2070 1579 2334 1644 Platone
2379 1600 2577 1644 causa
2619 1581 2823 1644 creati

580 1661 805 1725 mundi
857 1683 988 1725 non
1039 1683 1169 1724 una
1223 1662 1335 1726 sed
1393 1662 1594 1727 tribus
1654 1661 2040 1728 dictionibus
2110 1663 2282 1728 bona
2343 1663 2472 1728 Dei
2521 1661 2821 1728 voluntas

582 1743 904 1810 declarata
946 1745 1045 1828 sit,
1104 1755 1372 1826 constat,
1432 1746 1598 1810 hanc
1644 1748 1840 1810 creati
1881 1747 2106 1810 mundi
2159 1769 2419 1811 causam
2463 1769 2593 1811 non
2636 1747 2826 1813 aliter

581 1831 868 1914 potuisse
911 1830 1202 1915 proferri.
1289 1830 1455 1894 Nam
1502 1833 1559 1894 si
1603 1830 1888 1913 dixisset,
1930 1829 2325 1896 voluntatem
2371 1853 2632 1896 causam
2677 1855 2824 1896 esse

579 1913 825 1996 mundi,
865 1934 996 1977 non
1037 1913 1145 1978 ida
1204 1925 1371 1980 esset
1428 1919 1857 2001 consequens3
1922 1913 2244 2000 quaelibet
2295 1916 2463 1980 enim
2521 1913 2822 1981 voluntas

577 1996 646 2061 id
692 2019 833 2062 esse
875 1997 1217 2081 videretur,
1316 1998 1450 2063 uod
1504 2021 1635 2063 non
1676 1998 2002 2084 procedit'.
2085 1998 2302 2098 Atque
2360 2000 2465 2063 hic
2524 1999 2819 2064 Otricus:

580 2081 709 2164 ‘Si',
754 2083 980 2168 inquit,
1042 2082 1189 2147 ‘Dei
1229 2105 1312 2147 vo
1338 2093 1626 2148 untatem
1670 2104 1929 2147 causam
1975 2082 2216 2147 condit1
2255 2082 2480 2146 mundi
2524 2082 2818 2166 dixisset,

577 2165 837 2231 brevius
882 2165 1142 2251 quidem
1186 2178 1251 2232 et
1292 2167 1682 2232 sufficienter
1733 2167 1978 2232 dictum
2032 2165 2213 2248 foret,
2273 2189 2420 2231 eum
2461 2189 2820 2252 numquam

576 2251 701 2313 nisi
754 2248 925 2313 bona
990 2250 1180 2315 fuerit
1231 2250 1360 2315 Dei
1414 2249 1731 2316 voluntas,
1817 2250 1964 2314 Non
2021 2252 2189 2315 enim
2233 2261 2330 2315 est
2384 2252 2495 2336 qui
2552 2249 2817 2335 abnuat,

574 2333 817 2398 bonam
861 2356 1001 2398 esse
1040 2334 1169 2400 Dei
1205 2334 1637 2400 voluntatem'.
1709 2335 1798 2398 Et
1827 2333 2212 2399 Gerbertus:
2259 2336 2353 2398 ‘In
2383 2334 2543 2417 hoc',
2587 2336 2818 2421 inquit,

579 2418 855 2502 ‘penitus
918 2440 1049 2482 non
1114 2419 1503 2483 contradicO.
1615 2417 1746 2484 Sed
1806 2419 1985 2501 vide3
2112 2420 2220 2482 uia
2285 2428 2534 2483 constat
2597 2420 2818 2484 Deum

576 2502 975 2567 substantiab
1028 2501 1429 2567 solummodo
1493 2504 1763 2583 bonum,
1833 2501 2071 2589 quamli
2118 2512 2182 2566 et
2241 2525 2394 2568 vero
2458 2512 2821 2567 creaturam

624 2586 1066 2669 articipatione
1109 2585 1365 2668 bonam,
1421 2586 1506 2649 ad
1549 2587 1686 2650 eius
1730 2596 1994 2651 naturae
2041 2585 2413 2672 qualitatem
2457 2588 2819 2672 exprimen-

622 2688 727 2730 am
770 2669 974 2733 ‘bona'
1018 2668 1307 2734 additum
1338 2678 1451 2751 est,
1495 2669 1670 2755 quod
1697 2669 1766 2732 id
1795 2672 1932 2734 eius
1960 2671 2291 2756 proprium
2323 2673 2423 2752 sit,
2460 2692 2590 2734 non
2619 2673 2819 2734 etiam

579 2750 925 2816 cuiuslibet
980 2751 1325 2818 creaturae.
1414 2753 1742 2818 *Tandem
1758 2765 1801 2836 0,
1859 2753 2166 2840 quicquid
2217 2753 2374 2818 illud
2419 2756 2517 2834 sit,
2562 2754 2632 2819 id
2677 2755 2818 2820 sine

577 2833 777 2982 {dub-io
822 2845 1085 2947 constat,
1129 2859 1261 2901 non
1305 2839 1519 2902 omnia
1550 2858 1884 2901 causarum
1911 2839 2174 2901 nomina
2201 2860 2330 2901 una
2360 2837 2638 2903 dictione
2667 2860 2819 2926 pro-

606 2941 730 2984 err1
772 2940 962 3005 posse
985 2968 999 2984 .

1072 3041 1172 3106 64.
1263 3040 1490 3122 Quae(1
1534 3042 1656 3106 sit‘¹
1700 3043 1937 3107 causad
1980 3043 2303 3108 umbraed.

745 3140 952 3222 ‘Quae
998 3143 1169 3207 enim
1213 3143 1329 3209 tibi
1370 3143 1637 3209 umbrae
1683 3166 1878 3209 causa
1917 3144 2216 3208 videtur?
2299 3145 2408 3208 An
2462 3143 2624 3209 haec
2681 3167 2817 3210 una

571 3224 856 3292 dictione
896 3226 1171 3292 indicari
1213 3228 1427 3294 valet?
1499 3228 1666 3294 *Sed
1710 3229 1874 3311 dioc,
1921 3227 2186 3293 umbrae
2209 3250 2472 3294 causam
2501 3249 2642 3293 esse
2676 3250 2814 3294 cor-

572 3331 697 3395 pus
748 3309 879 3375 luci
939 3311 1282 3377 obiectum.
1381 3315 1599 3400 Atque
1663 3313 1822 3377 haec
1883 3312 2142 3378 brevius
2206 3311 2380 3377 nullo
2434 3313 2628 3377 modo
2681 3315 2814 3377 dici

570 3393 765 3460 valet.
853 3395 926 3461 Si
968 3398 1139 3461 enim
1181 3418 1415 3483 corpus
1469 3395 1738 3461 umbrae
1787 3417 2051 3460 causam
2095 3396 2356 3479 dixeris,
2397 3397 2589 3460 nimis
2636 3419 2812 3461 com-

572 3499 763 3544 mune
804 3479 1145 3566 protulisti.
1219 3479 1412 3561 Quod
1456 3481 1514 3543 si
1557 3502 1792 3565 corpus
1835 3479 2158 3545 obiectum
2199 3480 2499 3560 volueris,
2537 3481 2608 3545 id
2651 3503 2812 3580 quo-

570 3581 699 3710 que
742 3573 987 3628 tantum
1030 3586 1161 3628 non
1201 3564 1511 3650 procedit,
1526 3574 1865 3712 uquantum
1907 3563 1990 3628 ab
2034 3563 2156 3628 hac
2197 3575 2382 3652 parte
2407 3563 2568 3630 relin
2615 3575 2812 3629 uitur.

624 3655 741 3709 unt
796 3649 967 3710 enim
1026 3669 1296 3732 corpora
1351 3671 1525 3712 nonn
1595 3647 1657 3711 la
1715 3657 1908 3734 atque
1964 3649 2158 3712 etiam
2215 3649 2488 3713 diversis
2531 3671 2568 3712 o
2617 3650 2808 3730 iecta,

573 3750 741 3816 quae
795 3731 1061 3796 umbrae
1116 3753 1313 3796 causa
1371 3753 1509 3796 esse
1565 3754 1694 3797 non
1748 3742 2032 3817 possunt.
2119 3731 2258 3796 Nec
2298 3731 2534 3808 abnu0,
2577 3729 2806 3796 multa-

570 3835 715 3876 rum
772 3836 987 3878 rerum
1045 3837 1270 3896 causas
1328 3813 1594 3900 singulis
1648 3815 2036 3882 dictionibus
2093 3816 2331 3898 efferri,
2405 3816 2604 3882 veluti
2657 3827 2810 3880 sunt

570 3919 809 3982 genera
852 3919 1018 3985 quae
1062 3902 1419 3986 specierum
1464 3920 1692 3964 causas
1734 3921 1924 3965 nemo
1965 3900 2239 3985 ignorat,
2291 3898 2468 3965 velut
2517 3910 2614 3966 est
2655 3900 2804 3965 sub-

688 4057 733 4111 a)
758 4066 863 4111 poet
892 4062 993 4102 add.
1142 4059 1191 4114 b)
1224 4063 1592 4103 substantialiter
1623 4064 1664 4104 1.
1832 4059 1874 4114 e)
1902 4063 2044 4112 pet-9³⁹3
2073 4063 2122 4101 in
2151 4062 2326 4102 dimidio
2348 4062 2465 4112 solio
2490 4069 2592 4113 poet
2621 4064 2805 4114 adjecto,

566 4118 691 4168 oujtu
714 4121 863 4168 prima
894 4125 1061 4160 tantum
1084 4122 1257 4172 paqn’mz
1286 4122 1548 4172 scripturam
1577 4121 1750 4174 recepit.
1871 4118 1920 4173 d)
1951 4131 2057 4173 uae,
2089 4122 2165 4172 sit,
2195 4131 2238 4172 a,
2271 4122 2406 4162 umbi·
2435 4122 2550 4162 absc.

715 4230 767 4300 1)
810 4232 965 4284 Haec
1002 4235 1069 4286 iis
1106 4235 1282 4302 potius
1320 4235 1644 4287 conveniunt
1681 4249 1818 4302 quae
1859 4251 1906 4286 c.
1947 4235 2034 4287 63.
2072 4235 2387 4287 referuntur.
