3059 4834
620 270 723 322 180
1089 271 1394 323 RICHERI
1432 270 1935 322 HISTORIARUM
1973 269 2194 321 LIBER
2231 271 2349 320 1111

497 463 598 505 sse.
785 437 1139 503 Richardus
1184 449 1555 537 pyratarum
1599 438 1734 502 dux
1775 436 2117 523 apoplexia
2149 439 2392 502 minore
2422 438 2625 522 periit.
2699 437 2842 502 Hil-

618 527 849 595 duinus
894 544 1144 608 quoque
1187 521 1548 587 vmolentia.

768 606 1043 671 Sinodus
1133 607 1365 692 uinque
1417 606 1864 690 episcoporum
1908 606 1974 668 in
2016 605 2232 670 Monte
2279 605 2551 670 Sanctae
2594 604 2839 670 Mariae

620 689 837 755 habita
879 700 992 758 est.
1081 629 1479 776 fileinricus¹
1528 711 1782 775 quoque
1827 687 1960 752 dux
2006 688 2163 753 obiit
2177 692 2249 774 Ἴ.

385 796 521 838 rubr.
556 797 598 839 5.
786 774 933 838 Alia
974 775 1125 839 item
1176 772 1437 837 sinodus
1489 795 1528 836 a
1577 772 1664 836 ud
1706 771 2082 854 Engleheim
2139 772 2378 836 indicta
2435 782 2530 838 est
2582 782 2839 838 sanctae

619 855 906 942 Agathes
948 858 1284 923 festivitate
1326 857 1534 922 haben
1580 879 1637 939 a,
1680 878 1842 941 quae
1875 866 1935 921 et
1971 879 2086 921 suo
2116 865 2400 942 tempore
2430 856 2649 921 habita
2678 868 2774 922 est
2787 859 2838 921 Β.

784 943 978 1006 Berta
1027 940 1330 1006 Rotberto
1382 940 1622 1006 nubere
1673 939 1926 1022 volens,
1995 939 2378 1005 Gerbertum
2431 940 2703 1004 consulit
2760 963 2840 1004 ac

619 1025 699 1090 ab
744 1048 819 1090 eo
864 1025 1237 1090 confutatur.

786 1109 1132 1174 Gerbertus
1189 1109 1459 1172 Romam
1516 1109 2004 1172 ratiocinaturus
2047 1108 2241 1189 vadit,
2309 1130 2386 1171 ac
2440 1108 2533 1172 ibi
2591 1109 2836 1173 ratione

616 1213 825 1280 papae
869 1193 1035 1275 data,
1081 1214 1226 1256 cum
1269 1191 1476 1255 nullus
1520 1203 1866 1272 accusaret,
1910 1191 2034 1256 alia
2077 1193 2334 1257 sinodus
2377 1191 2678 1257 indicitur
2691 1205 2733 1256 ⁰.

782 1387 978 1472 Hugo
1042 1410 1159 1451 rex
1223 1384 1473 1472 papulis
1538 1394 1669 1451 toto
1736 1407 2000 1472 corpore
2057 1384 2413 1467 confectuS,
2470 1385 2538 1449 in
2597 1379 2837 1472 oppido

616 1469 911 1556 Hugonis
953 1471 1211 1536 Iudeis²
1256 1472 1572 1535 extinctus
1618 1479 1729 1534 est.

782 1554 1123 1619 Rotbertus
1166 1576 1285 1618 rex
1326 1555 1493 1638 patri
1539 1553 1916 1635 succedenS,
1963 1575 2224 1616 suorum
2268 1551 2533 1616 consilio
2577 1554 2833 1617 Bertam

392 1650 491 1693 oet.
525 1652 593 1693 28·
618 1636 802 1701 duxit
853 1660 1117 1701 uxorem
1138 1687 1153 1718 ,
1219 1659 1293 1702 ea
1350 1659 1503 1700 usus
1557 1638 1830 1718 ratione,
1900 1636 2072 1722 quod
2136 1635 2358 1702 melius
2425 1639 2507 1700 sit
2561 1658 2830 1722 parvum

496 1728 595 1774 ⁹⁹⁷·
616 1719 881 1806 aggredi
923 1720 1180 1802 malum,
1222 1730 1294 1784 ut
1333 1721 1723 1785 maximumd
1766 1720 2051 1784 evitetur.

780 1804 1121 1869 Rotbertus
1176 1827 1325 1886 rex,
1387 1805 1580 1868 ducta
1633 1805 1827 1868 Berta
1881 1826 2115 1886 uxore,
2175 1805 2241 1867 in
2284 1803 2661 1886 Fulconem,
2724 1805 2834 1889 qui

618 1888 863 1954 Odonis
907 1889 1305 1953 adversarius
1347 1887 1568 1967 fuerat,
1613 1888 1810 1953 fertur
1855 1899 1917 1952 et
1958 1887 2040 1952 ab
2086 1909 2159 1954 eo
2191 1888 2418 1953 urbem
2448 1889 2834 1952 Turonicam

615 1982 680 2036 et
720 1972 843 2037 alia
931 1995 1049 2037 uae
1092 1982 1459 2058 pervaserat
1499 1973 1630 2037 vim
1675 1973 1960 2055 recipit³.

779 2057 904 2122 Rot
951 2068 1118 2120 ertus
1161 2079 1277 2120 rex
1322 2057 1387 2119 in
1416 2055 1764 2142 Aquitania
1807 2057 1888 2120 ob
1924 2066 2220 2141 nepotem
2251 2079 2432 2120 suum
2462 2054 2834 2120 Wilelmum

613 2141 939 2205 obsidione
981 2139 1425 2205 Hildebertum
1442 2150 1523 2184 Μ
1566 2141 1815 2225 premit.

782 2224 1130 2288 Ger-bertus
1194 2225 1421 2288 iterum
1484 2224 1757 2288 Romam
1819 2224 1971 2288 adit.
2081 2224 2310 2310 Ibique
2375 2245 2523 2287 cum
2585 2245 2831 2288 moram

609 2308 861 2389 faceret,
904 2306 1205 2371 Arnulfus
1249 2308 1321 2371 af
1361 2308 1664 2372 Rotberto
1705 2330 1854 2406 rege
1898 2307 2249 2373 dimittitur.

781 2391 1127 2457 Gerbertus
1170 2414 1315 2455 cum
1345 2391 1636 2456 Rotberti
1670 2414 1837 2477 regls
1867 2391 2197 2476 perfidiam
2228 2391 2602 2473 dinosceret,
2653 2390 2836 2456 Otto-

611 2499 758 2541 nem
800 2498 1017 2561 regem
1060 2477 1443 2562 frequentat,
1504 2487 1568 2540 et
1605 2475 1918 2561 patefacta
1962 2477 2060 2539 sui
2102 2477 2340 2561 ingenii
2383 2477 2644 2562 peritia,
2700 2477 2836 2561 epi·

614 2571 946 2645 scopatum
990 2561 1418 2624 Ravennatem
1464 2561 1547 2624 ab
1593 2581 1666 2623 eo
1709 2560 1945 2643 accipit
1959 2571 2001 2622 ⁵.

490 2681 591 2722 993,
782 2643 909 2709 Gre
958 2646 1128 2708 orius
1213 2664 1385 2742 papa
1403 2655 1424 2688 ⁰
1496 2643 1717 2707 tandiu
1794 2644 2100 2728 permittit
2181 2643 2450 2707 Arnulfo
2469 2644 2490 2685 f
2549 2642 2834 2707 officium

616 2729 940 2793 sacerdota
965 2750 1019 2809 e,
1086 2729 1288 2792 donec
1350 2750 1416 2790 m
1459 2727 1850 2811 temporibus
1907 2726 2374 2793 racionabiliter
2427 2736 2536 2791 aut
2576 2725 2831 2812 legibus

612 2811 907 2897 adquirat
944 2821 1055 2875 aut
1093 2810 1339 2896 legibus
1383 2813 1631 2877 amittat
1646 2823 1691 2874 ἔ.

730 2998 775 3051 a)
820 3002 971 3039 iterum
1012 3001 1157 3039 deleta.
1306 2998 1353 3050 b)
1397 3013 1477 3040 vox
1508 3002 1679 3040 obtecta.
1842 2999 1883 3051 c)
1931 3003 2145 3050 hueusque
2175 3006 2412 3040 atramento
2433 3001 2566 3050 ‚fu-wo
2599 3013 2684 3052 quo
2705 3001 2830 3051 folia

610 3061 764 3100 codicis
796 3059 954 3100 1-28.
996 3064 1177 3097 exarata
1206 3064 1307 3097 eunt
1352 3059 1478 3110 (quae
1513 3061 1605 3109 jam
1643 3060 1714 3098 vix
1754 3060 1833 3109 lem*
1870 3058 2072 3110 possunt)
2085 3072 2101 3109 ,·
2144 3061 2311 3109 reliqua
2341 3065 2626 3100 atramentum
2655 3061 2832 3111 ntorum

608 3119 814 3166 soliorum
847 3117 1048 3157 88—55‘.
1077 3118 1335 3166 praeferunt
1480 3117 1525 3168 d)
1560 3129 1618 3158 m.
1651 3120 1834 3168 penitus
1869 3130 1909 3159 e.
1945 3121 1985 3158 1.
2120 3116 2164 3169 e)
2197 3120 2327 3159 illum
2362 3121 2402 3158 1.
2532 3119 2567 3170 f)
2593 3125 2694 3169 post
2724 3121 2830 3159 add.

612 3175 659 3228 g)
690 3176 937 3217 Arnulfum
992 3176 1143 3216 officio
1189 3177 1461 3216 sacerdotali
1506 3180 1545 3218 1.
1651 3175 1698 3227 h)
1732 3176 1798 3216 hic
1827 3179 2078 3217 notitiarum
2098 3179 2220 3228 finis.
2283 3179 2465 3227 Reliqua
2489 3180 2658 3228 paqina
2689 3189 2827 3218 vacua

610 3237 827 3283 remansit,
873 3240 1041 3285 excepta
1080 3236 1337 3284 probatione
1364 3247 1558 3285 pennae,
1601 3241 1639 3274 et
1680 3237 1760 3275 hac
1798 3239 2006 3276 sententia
2046 3238 2232 3287 inferius
2271 3237 2440 3276 Becher-2·
2469 3248 2602 3277 manu
2633 3239 2796 3277 adiecta
2815 3249 2831 3276 ε

610 3295 835 3335 Libellum
880 3305 1013 3344 quem
1055 3295 1142 3334 boc
1183 3305 1304 3334 anno
1336 3296 1643 3346 praestitistis,
1695 3296 1749 3335 de
1783 3297 2029 3336 medicina.
2063 3301 2108 3336 et
2138 3296 2194 3335 de
2238 3297 2476 3346 speciebus
2519 3297 2825 3336 metallorum.

609 3353 793 3402 Quando
822 3356 869 3393 in
902 3354 1098 3393 armario
1128 3354 1265 3393 simul
1298 3355 1480 3396 fuimus.
1512 3355 1626 3393 mibi
1655 3355 1963 3396 transmittite.

756 3482 813 3552 1)
839 3486 1123 3536 Heinricus
1146 3487 1508 3537 Baioariorum
1537 3487 1642 3537 dux
1667 3503 1713 3539 a.
1743 3489 1864 3550 995,
1895 3488 1980 3536 die
2008 3488 2095 3537 27.
2120 3487 2346 3552 Augusti
2371 3487 2520 3537 obiit.
2633 3486 2690 3551 2)
2716 3487 2752 3537 i.
2776 3502 2826 3536 e.

608 3574 640 3608 a
686 3559 921 3620 Iudaeis,
978 3559 1199 3609 medicis
1247 3559 1500 3622 fortasse,
1559 3565 1616 3610 ut
1666 3560 1732 3610 de
1783 3559 1980 3610 Karolo
2035 3559 2200 3611 Calvo
2247 3559 2565 3611 Hincmarus
2621 3559 2825 3610 scribit.

609 3629 668 3695 3)
710 3632 793 3682 cf.
832 3631 1081 3682 Ademar.
1134 3631 1242 3692 111,
1294 3633 1393 3695 34,
1461 3634 1558 3684 SS.
1599 3633 1693 3696 IV,
1758 3650 1809 3699 p.
1855 3633 1992 3695 131,
2057 3634 2148 3699 qui
2211 3634 2346 3683 haec
2411 3633 2567 3684 aliter
2627 3638 2822 3682 narrat.

606 3703 665 3769 4)
705 3704 1024 3755 Aldebertus
1062 3705 1517 3769 Petragoricensis
1557 3722 1642 3772 ap.
1681 3706 1870 3756 Adem.
1909 3706 1947 3756 l.
1985 3707 2023 3758 l.
2171 3703 2230 3772 5)
2269 3706 2554 3757 Richerum
2595 3706 2826 3758 Gerber-

606 3784 716 3828 tum
757 3779 1059 3828 comitatum
1100 3793 1216 3828 esse
1255 3778 1483 3844 ideoque
1516 3778 1661 3829 filum
1689 3780 2002 3830 narrationis
2031 3779 2323 3846 abrupisse,
2348 3796 2534 3846 parum
2559 3779 2824 3845 probabili

610 3852 915 3902 coniectura
951 3853 1135 3901 statuit
1163 3852 1507 3913 Lenormant3
1540 3853 1835 3904 cf.Guadet
1854 3854 1896 3915 Ι,
1924 3870 1974 3919 p.
1990 3853 2156 3902 XXV.
2307 3851 2363 3916 6)
2405 3853 2553 3904 Obiit
2603 3868 2650 3904 a.
2696 3852 2821 3910 999,

609 3924 695 3975 die
735 3925 1015 3974 Februarii
1056 3924 1148 3990 18,
1205 3931 1258 3974 et
1297 3924 1383 3974 die
1419 3926 1618 3991 Aprilis
1659 3926 1709 3977 2.
1765 3927 2000 3994 proxime
2040 3927 2283 3992 sequenti
2323 3925 2610 3978 Gerbertus
2647 3925 2822 3992 ponti-

607 3995 821 4050 ficatum
860 3997 1151 4049 Romanum
1190 3997 1414 4063 adeptus
1456 4004 1551 4050 est.
