3059 4834
535 468 635 508 931.

416 1027 433 1046 ⁸
449 1031 533 1071 fol.
565 1031 636 1071 14.

658 285 727 332 36
1180 281 1480 332 RICHERI
1520 281 2028 333 HISTORIARUM
2064 281 2289 331 LIBER
2327 283 2372 332 1.

657 452 799 516 Rex
842 450 1132 535 partibus
1161 448 1485 515 Heriberti
1530 449 1703 513 cives
1746 448 1960 514 favere
1990 447 2364 534 intelligenS,
2410 447 2674 513 collecto
2705 471 2888 513 exer-

656 536 805 615 citu,
860 534 1084 599 urbem
1138 535 1507 619 repentinus
1565 556 1606 598 a
1652 533 1953 618 greditur.
2059 533 2444 618 Ingredique
2505 532 2887 617 prohibituS,

657 617 1054 683 obsidionem
1108 617 1393 703 applicat
1424 640 1501 681 ac
1533 639 1610 680 ur
1657 627 1848 680 anosa
1891 617 2254 680 resistentes
2282 615 2564 680 fervidus
2594 616 2886 702 adurget.

658 703 791 783 Qui
846 701 1046 766 multa
1102 703 1579 788 expugnatione
1636 701 1873 780 vexati,
1932 702 2132 765 tercia
2195 699 2452 764 tandem
2524 699 2888 766 ebdomada

656 797 873 872 portas
915 787 1069 850 victi
1113 796 1176 851 et
1217 783 1541 871 supplices
1585 806 1912 870 aperuere.
1975 784 2437 870 Ingressusque
2481 785 2705 849 urbem
2745 807 2885 866 rex,

654 881 802 956 post
822 869 1123 934 nonnulla
1146 869 1476 955 disposita,
1495 866 1723 932 collato
1742 891 1889 932 cum
1903 870 2032 932 suis
2055 868 2336 950 consili0,
2353 869 2528 933 cives
2544 869 2820 934 accersit
2835 871 2884 933 ¹³.

740 1009 842 1073 60.
910 1009 1175 1074 *Oratio
1218 1005 1476 1071 Rodulfi
1516 1008 1686 1092 regis
1730 1007 1855 1072 ad⁰
1900 1009 2073 1072 cives
2118 1007 2509 1072 Remenses0
2552 1029 2670 1093 pro
2717 1031 2785 1072 se

1601 1094 1886 1156 suasoria
1903 1105 1946 1156 ⁰.

826 1195 1187 1280 Coramque
1246 1194 1335 1257 sic
1395 1195 1796 1260 contionatus
1881 1195 2000 1259 ait:
2074 1194 2500 1276 ‘Quantum'‘¹‚
2567 1195 2882 1279 inquienS,

658 1277 913 1359 ‘caedis,
961 1288 1268 1364 quantum
1312 1278 1503 1342 etiam
1543 1280 1912 1363 rapinarum
1957 1301 2058 1342 res
2095 1277 2396 1365 publicae
2440 1277 2715 1342 factione
2755 1301 2882 1342 ma-

656 1361 862 1426 lorum
905 1384 1111 1447 nuper
1151 1384 1343 1448 passa
1397 1364 1495 1444 sit,
1553 1365 1812 1448 optime,
1875 1373 1948 1427 ut
1988 1373 2164 1447 put0,
2207 1362 2428 1426 nostis.
2512 1360 2659 1425 Non
2715 1362 2884 1426 enim

656 1447 794 1512 fieri
824 1447 1051 1531 potuit,
1110 1456 1197 1529 ut,
1241 1455 1336 1511 tot
1387 1445 1570 1510 malis
1627 1447 1864 1544 ubique
1996 1447 2377 1528 assantibus,
2433 1446 2656 1510 intacti
2710 1447 2884 1532 peni-

658 1540 889 1614 tusque
916 1532 1233 1594 immunes
1264 1528 1795 1614 relinqueremim.
1943 1552 2048 1593 am
2091 1552 2238 1593 cum
2279 1539 2494 1595 vestra
2531 1531 2885 1594 necessaria

660 1635 813 1698 sepe
845 1613 979 1678 dire
1027 1623 1109 1695 ta,
1172 1635 1325 1698 sepe
1380 1614 1716 1678 combusta
1772 1613 1915 1694 sint,
1975 1635 2194 1677 eorum
2252 1612 2681 1678 calamitatem
2731 1611 2880 1678 tole-

658 1697 865 1760 rastiS.
1021 1707 1047 1761 t
1100 1717 1229 1759 non
1274 1696 1477 1761 solum
1520 1695 1780 1782 publica
1824 1698 2122 1778 exteriuS,
2169 1708 2234 1762 at
2275 1698 2380 1762 hic
2419 1700 2678 1797 privata
2716 1697 2884 1762 bona

659 1780 1040 1844 intrinsecus
1069 1803 1108 1844 a
1140 1781 1466 1845 sevissimo
1512 1793 1813 1846 exactore
1857 1781 2196 1846 Heriberto
2241 1781 2475 1846 cotid1e
2504 1783 2882 1846 imminuun-

658 1873 782 1928 tur.
848 1863 1037 1928 Unde
1083 1873 1148 1928 et
1189 1864 1372 1929 vobis
1417 1865 1876 1930 consulendum
1919 1863 2209 1948 arbitror,
2253 1876 2325 1930 ut
2353 1876 2678 1951 pastorem
2702 1865 2882 1930 vobis

661 1949 1070 2013 commodum
1128 1949 1493 2015 conibentia
1557 1951 1881 2014 communi
1945 1949 2211 2035 eligatis,
2276 1972 2425 2026 cum
2491 1949 2596 2014 ille
2653 1951 2881 2015 tiranni

658 2031 826 2097 filius
878 2032 1086 2097 adhuc
1137 2032 1484 2098 infantulus
1540 2032 1723 2098 vobis
1787 2034 2054 2098 idoneus
2110 2057 2238 2098 non
2297 2036 2396 2116 sit,
2463 2056 2539 2098 ac
2583 2035 2881 2098 canonica

660 2119 1005 2182 auctoritas
1047 2117 1279 2182 vacare
1322 2117 1696 2183 aecclesiam
1740 2127 1996 2203 pastore
2038 2127 2213 2182 tanto
2257 2125 2565 2204 tempore·
2587 2141 2718 2182 non
2748 2141 2882 2204 per-

660 2203 887 2265 mittat.
990 2202 1125 2266 Nec
1192 2201 1523 2267 dedecoris
1589 2203 1934 2288 quicquam
1986 2205 2055 2264 in
2106 2225 2221 2267 vos
2278 2202 2682 2285 redundabit,
2741 2226 2880 2268 cum

660 2284 921 2349 militari
962 2285 1266 2349 violentia
1306 2287 1510 2351 victos
1555 2297 1619 2351 et
1662 2295 1882 2371 captos
1927 2283 2051 2349 alia
2093 2287 2277 2372 sequi
2335 2287 2682 2351 necessitas
2739 2287 2884 2352 voss
2963 2361 2966 2370 Ι

670 2369 999 2454 adurgeat.
1100 2370 1236 2434 Nec
1296 2392 1413 2435 vos
1479 2371 1683 2435 fateor
1739 2379 2012 2450 tantum,
2080 2380 2386 2456 quantum
2454 2393 2572 2455 ego
2636 2372 2705 2433 in
2771 2372 2881 2436 hoc

661 2455 918 2539 negotio
979 2454 1287 2519 oberravi.
1382 2455 1608 2539 Itaque
1665 2454 1890 2518 fecisse
1947 2477 2048 2517 me
2107 2455 2365 2539 penitet.
2473 2455 2767 2520 Peniteat
2830 2463 2884 2520 et

662 2559 776 2602 vos
845 2548 1199 2602 vestrarum
1268 2560 1481 2601 rerum
1552 2536 1960 2622 dispendium
2023 2540 2367 2622 peregisse.
2454 2538 2768 2604 Reducite
2823 2542 2884 2602 in

661 2630 961 2704 mentem,
1007 2631 1245 2706 quanta
1286 2642 1402 2685 vos
1447 2619 1772 2686 calamitas
1815 2621 2116 2684 affecerit.
2205 2621 2618 2686 Considerate
2677 2625 2882 2705 etiam,

662 2715 897 2790 quanto
942 2705 1367 2768 secundarum
1410 2727 1623 2769 rerum
1667 2725 1973 2768 successu
2002 2705 2268 2790 provehi
2298 2706 2580 2791 possitiS,
2625 2708 2682 2770 si
2715 2707 2882 2773 bono

663 2796 919 2872 pastore
960 2789 1306 2872 regamini’.

1393 2909 1495 2972 61.
1559 2906 1807 2972 Electio
1851 2906 2102 2972 Artoldi
2113 2921 2160 2972 8.

833 3008 1025 3074 Cives
1081 3009 1162 3073 ab
1219 3031 1370 3094 rege
1420 3011 1613 3092 suasi,
1671 3011 1859 3074 iussis
1902 3011 2096 3096 regiis
2147 3011 2524 3077 concedunt.
2583 3013 2884 3078 Artoldus

663 3095 880 3177 itaque
924 3092 1300 3175 monachus,
1358 3115 1509 3179 rege
1552 3095 1828 3177 iubente,
1885 3116 1970 3158 ex
2015 3094 2322 3160 coenobio
2363 3097 2570 3161 sancti
2614 3095 2886 3184 Remigii

665 3177 950 3241 omnium
980 3199 1289 3242 consensu
1317 3199 1473 3241 mox
1501 3188 1886 3264 assumptuS,
1931 3201 2050 3266 per
2079 3181 2554 3264 impositionem
2583 3203 2887 3246 manuum

664 3262 1109 3348 episcoporum
1145 3272 1431 3347 tempore
1474 3262 1816 3327 constituto
1859 3261 2059 3348 regali
2099 3265 2440 3329 donatione
2482 3278 2888 3332 consecratur

664 3347 1029 3433 episcopus.
1096 3345 1225 3426 Qui
1253 3345 1601 3431 prudenter
1629 3368 1706 3410 ac
1737 3356 1987 3411 strenue
2019 3350 2232 3412 omnia
2272 3371 2520 3434 gerens,
2565 3351 2718 3414 satis
2759 3350 2886 3416 suis

662 3430 918 3515 profuit,
963 3440 1152 3516 atque
1195 3452 1279 3493 ex
1321 3429 1668 3494 benefactis
1713 3432 1995 3496 omnium
2046 3444 2111 3498 et
2153 3435 2432 3499 maxime
2477 3455 2737 3498 suorum
2784 3435 2888 3499 be-

661 3513 1074 3581 nivolentiam
1122 3512 1364 3578 habuit.

718 3636 820 3698 62.
880 3633 1109 3719 Captio
1159 3633 1484 3698 Bovonish
1536 3633 1973 3809 CastialgipiiiJcilh
2023 3638 2312 3722 episcopi
2359 3637 2837 3724 Laudunique¹¹

948 3753 953 3760 ·
1678 3742 1711 3783 e
1759 3743 1782 3782 1
1834 3741 1869 3784 o
1944 3767 1959 3783 .

828 3819 1009 3900 Quae
1054 3819 1206 3882 dum
1248 3828 1644 3904 gererentur,
1688 3821 1870 3886 Bovo
1918 3821 2478 3887 catalaunensium
2525 3793 2888 3910 episeopus,

658 3904 918 3970 fortuita
981 3905 1423 3988 peragratione
1478 3927 1517 3968 a
1567 3927 1636 3968 re
1683 3906 1760 3969 iis
1815 3904 2226 3990 stipatoribus
2285 3915 2530 3991 captuS,
2589 3929 2665 3972 eo
2711 3906 2887 3995 quod

656 3999 721 4053 et
760 3989 899 4073 ipse
944 3987 1227 4053 desertor
1278 3988 1361 4052 ab
1404 4011 1555 4073 rege
1667 3989 1956 4070 efecerat,
2021 3992 2159 4074 regi
2218 3989 2468 4057 oblatus
2527 4001 2640 4056 est.
2753 3992 2886 4072 Qui

777 4147 821 4200 a.)
852 4155 949 4198 post
978 4151 1077 4190 add.
1200 4151 1245 4203 b)
1278 4154 1441 4192 evocat
1474 4155 1514 4192 1.
1638 4151 1680 4204 c)
1713 4152 1755 4206 d,
1787 4162 1874 4201 ses,
1906 4153 1978 4192 ria
2009 4153 2122 4199 abac.
2241 4152 2287 4204 d)
2323 4153 2516 4202 Quantis
2549 4157 2589 4196 1.
2693 4153 2738 4206 e)
2769 4167 2806 4195 r.
2843 4166 2886 4204 p.

656 4207 747 4248 cod.
884 4208 921 4260 s)
953 4210 1140 4258 deletum,
1184 4211 1257 4250 sed
1281 4215 1433 4260 postea
1477 4215 1526 4250 ut
1571 4211 1737 4251 videtur
1768 4212 2008 4251 restitutum
2041 4215 2082 4253 1.
2219 4211 2267 4264 g)
2299 4215 2315 4252 i
2346 4213 2459 4253 abac.
2595 4211 2643 4265 h)
2677 4214 2754 4268 bo,
2789 4214 2886 4263 uni,

660 4267 774 4320 Lau,
804 4267 975 4309 deditio
1006 4269 1117 4310 absc.
2691 4301 2694 4304 -
