3059 4834
723 233 1029 285 RIOHERI
1068 232 1571 316 HISTORIARUM
1609 233 1832 286 LIBER
1868 234 1913 285 Ι.
2406 237 2437 284 7

213 402 464 488 cipibus
481 411 507 443 ἃ
550 401 946 466 Francorum
989 410 1180 486 atque
1224 401 1691 498 Aquitanorum
1736 403 2023 487 stipatus,
2079 401 2229 467 licet
2270 403 2437 467 anci-

211 488 331 573 piti
375 484 844 568 deliberatione,
902 494 1117 549 tamen
1168 482 1320 548 belh
1372 483 1853 570 dispositionem
1904 487 2078 572 apud
2138 507 2245 551 eos
2296 509 2436 586 per·

212 570 544 651 tractabat,
601 568 785 634 fflosb
837 567 922 633 ad
975 590 1260 654 pugnam
1312 567 1570 632 hortans
1627 589 1703 632 ac
1745 591 1965 633 eorum
2018 572 2436 656 magnammi·

211 664 407 720 tatem
453 677 537 718 ex
578 663 807 718 natura
846 650 1192 738 plurimum
1235 649 1543 717 attollens.
1631 651 1793 716 Aliis
1839 676 2090 741 quoque
2140 654 2435 741 gentibus

211 761 322 804 eos
367 760 506 802 esse
550 739 831 822 potiores
873 746 1004 801 tam
1049 735 1288 800 viribus
1333 757 1526 821 quam
1569 735 1827 802 audatia
1856 747 1919 803 et
1946 740 2158 821 armis,
2201 753 2437 803 memo-

212 822 430 903 rabat3
475 842 694 885 eorum
733 842 986 907 quoque
1033 821 1303 884 maiores
1345 842 1511 905 pene
1552 829 1754 884 totum
1772 834 1795 864 0
1836 820 2056 886 orbem
2086 821 2437 888 debellasse

213 908 556 992 ipsumque
601 914 796 991 caput
839 905 1010 970 orbis
1054 903 1325 968 Romam
1369 905 1734 970 immaniter
1786 907 2101 971 attrivisse
2114 907 2161 971 ⁶.
2246 906 2438 972 Unde

215 998 279 1054 et
333 998 622 1075 oportere
692 999 1024 1075 paternam
1098 988 1568 1052 animositatem
1632 989 1699 1051 in
1762 987 1910 1053 filiis
1984 989 2436 1074 renovandam,

215 1072 539 1222 asseriebat
550 1084 593 1154 θ,
651 1083 722 1148 ut
763 1083 1018 1159 patrum
1061 1073 1553 1159 magnanimitas
1609 1070 1883 1137 filiorum
1901 1073 1923 1116 f
1980 1074 2210 1138 virtute
2268 1097 2437 1139 com-

215 1180 364 1222 men
408 1166 636 1222 aretur.
1670 1181 1675 1187 ·

316 1285 373 1349 8.
460 1284 746 1370 Impetus
792 1282 1042 1348 Odonis
1083 1284 1254 1369 regis
1298 1283 1366 1346 in
1409 1291 1690 1367 pyratas,
1735 1280 2009 1369 bellique
2054 1283 2343 1369 qualitas.

386 1383 635 1466 Quibus
692 1384 879 1450 dictis
937 1405 1080 1448 cum
1140 1386 1576 1471 persuasisset,
1641 1394 1711 1449 ut
1762 1395 1863 1449 ote
1928 1386 2025 1450 vir
2084 1384 2298 1450 audax
2362 1406 2439 1449 ac

214 1469 548 1551 violentus,
593 1491 739 1532 cum
776 1469 852 1533 16
881 1467 1136 1534 milibus
1167 1471 1365 1555 signis
1394 1467 1583 1533 illatis
1613 1468 1730 1534 bar
1776 1491 1920 1534 aros
1949 1467 2317 1555 aggreditur
2332 1481 2374 1524 8·
2396 1481 2437 1534 ¹.

217 1554 347 1619 Sed
383 1553 674 1640 peditum
705 1554 924 1638 copias
967 1555 1275 1638 premittit
1292 1555 1320 1596 ¹¹
1364 1562 1555 1639 atque
1584 1576 1668 1618 ex
1697 1553 1788 1618 eis
1817 1555 2095 1639 primum
2127 1555 2439 1639 impetum

213 1638 418 1703 infert.
505 1637 654 1723 Ipse
699 1659 845 1701 cum
889 1638 1172 1736 equitatu
1215 1637 1579 1721 succedenS,
1636 1636 1924 1722 peditum
1966 1637 2286 1702 fortunam
2330 1659 2439 1728 op-

215 1721 596 1808 periebatur.
693 1720 828 1785 Nec
895 1743 1102 1785 minus
1169 1731 1232 1787 et
1291 1719 1552 1788 barbari
1594 1723 1787 1786 'acies
1854 1722 2299 1788 ordinaverant
2362 1742 2439 1786 ac

215 1807 474 1871 indivisi
533 1804 930 1871 adversarios
989 1807 1288 1890 excipere
1347 1804 1731 1890 cogitabant.
1830 1805 1921 1870 At
1975 1806 2137 1892 regii
2240 1805 2439 1870 edites

217 1890 502 1956 hostibus
546 1889 788 1970 directi,
831 1890 1039 1975 primo
1072 1892 1415 1954 certamine
1445 1891 1707 1976 sagittas
1737 1889 2122 1972 iaculantur3
2214 1891 2439 1954 ensati-

216 1998 358 2061 que,
402 1974 671 2039 ilanceis
718 1973 1019 2056 obversiS,
1063 1974 1131 2038 in
1172 1972 1312 2038 illos
1355 1973 1656 2038 feruntur.
1743 1973 2020 2059 Excepti
2048 1995 2199 2038 vero
2231 1996 2270 2037 a
2298 1973 2440 2038 bar-

215 2060 408 2142 baris,
453 2056 712 2143 plurimi
769 2055 1150 2138 dilabuntur,
1206 2080 1336 2122 non
1391 2067 1606 2121 tamen
1663 2067 1875 2141 preter
1932 2057 2440 2121 adversariorum

215 2146 483 2213 ruinam.
572 2141 740 2205 Nam
769 2150 833 2204 et
860 2162 1078 2205 eorum
1109 2140 1217 2204 alii
1245 2142 1628 2226 precipitati,
1672 2139 1780 2202 alii
1808 2162 1961 2205 vero
1993 2162 2187 2227 quam
2228 2138 2440 2225 plures

218 2227 485 2291 sauciati
528 2235 690 2288 sunt.
778 2225 933 2288 Post
975 2222 1222 2310 pedites
1265 2246 1418 2288 vero
1451 2234 1512 2288 et
1542 2224 1754 2307 regius
1798 2226 2115 2309 equitatus
2159 2223 2445 2288 succedit

215 2332 292 2373 ac
335 2311 505 2373 acies
549 2307 846 2389 hostium,
904 2329 977 2372 co
1026 2309 1103 2371 iis
1147 2307 1435 2393 peditum
1479 2307 1737 2388 divisas,
1793 2306 1991 2372 multo
2034 2309 2179 2372 nisu
2218 2309 2441 2372 irrum-

215 2395 327 2479 pit.
419 2391 798 2478 Sternitque,
855 2401 926 2455 ut
992 2401 1181 2473 ertur,
1245 2392 1468 2473 13000,
1528 2392 1753 2477 paucis
1796 2393 1950 2476 fuga
1993 2390 2269 2456 salvatis.
2355 2391 2442 2456 Et

216 2498 364 2541 cum
422 2477 552 2540 iam
610 2476 918 2563 potiretur
982 2476 1253 2540 victoria
1313 2475 1659 2576 spoliisque
1724 2474 2097 2561 diripiendis
2160 2477 2441 2558 instaret,

214 2559 632 2626 barbarorum
694 2559 879 2641 4000,
946 2582 1110 2647 quae
1171 2560 1473 2626 insidlose
1538 2582 1605 2623 in
1670 2557 1903 2624 abditis
1965 2559 2295 2642 latuerant,
2356 2582 2443 2624 ex

214 2644 471 2732 obliquo
515 2645 764 2708 viarum
807 2645 1064 2710 irruere.
1153 2644 1282 2725 Qui
1340 2666 1488 2709 cum
1623 2643 1814 2708 adivo
1875 2645 2127 2710 incessu
2183 2645 2441 2731 propin-

215 2739 502 2817 quarent,
541 2750 862 2794 armorum
889 2726 1032 2794 luce
1061 2727 1144 2794 ab
1176 2729 1567 2794 observatori
1612 2750 1686 2792 us
1718 2730 1959 2814 cogniti
1987 2739 2149 2794 sunt.
2214 2730 2440 2793 Facto-

214 2837 338 2902 que
383 2814 586 2900 signO,
641 2813 956 2878 exercitus
999 2813 1067 2876 in
1109 2835 1306 2876 unum
1349 2812 1530 2878 redit.
1618 2812 1761 2878 Rex
1813 2811 2011 2878 multo
2064 2812 2277 2899 plures
2332 2812 2440 2877 ad-

211 2899 428 2963 venire
474 2896 832 2978 arbitratus,
877 2918 1027 2962 suos
1070 2897 1358 2962 hortatur
1400 2897 1756 2982 stipatores,
1799 2908 1870 2962 ut
1910 2898 2154 2983 priores
2192 2897 2437 2961 animos

212 2991 565 3064 resumant,
633 2981 828 3044 immo
889 2991 951 3046 et
1013 3003 1143 3046 non
1187 2982 1505 3063 amittant3
1573 2979 1767 3046 decus
1831 3003 1949 3067 pro
2006 2982 2215 3066 patria
2274 2980 2439 3044 mori

211 3067 669 3165 egregiumque
698 3087 814 3164 pro
847 3065 1335 3130 christianorum
1364 3063 1729 3130 defensione
1759 3087 2029 3150 corpora
2055 3066 2244 3128 morti
2265 3064 2436 3146 dare,

212 3151 428 3214 multls
459 3150 851 3242 sermombus
880 3172 1186 3214 asserens
1274 3148 1654 3213 *Exercitus
1687 3150 1900 3234 itaque
1930 3149 2246 3225 densatus,
2288 3147 2441 3214 licet

211 3235 545 3300 anterioris
588 3231 736 3298 belli
776 3231 1143 3299 vulneribus
1185 3253 1395 3318 aeger,
1439 3241 1652 3296 tamen
1697 3231 1994 3298 obvenire
2022 3254 2153 3298 non
2179 3231 2437 3299 distulit.

210 3377 273 3440 9.
363 3373 522 3458 Ingo
552 3394 636 3435 ex
664 3369 1139 3435 mediocribusk
1180 3373 1349 3456 regis
1393 3370 1700 3457 signiferk
1741 3368 1978 3436 bellum
2020 3371 2434 3456 ingredimrk.

382 3475 471 3538 Et
515 3495 660 3538 cum
701 3474 1065 3559 agitaretur,
1112 3475 1254 3558 quis
1283 3475 1532 3559 regium
1562 3475 1615 3537 si
1663 3494 1816 3537 num
1848 3473 2115 3556 efferret,
2160 3495 2234 3538 eo
2308 3472 2437 3538 uod

211 3563 280 3624 in
322 3569 501 3623 tanta
542 3556 853 3623 nobilium
895 3578 1090 3620 manu
1130 3555 1338 3620 nullus
1383 3558 1516 3622 sine
1669 3578 1819 3621 nere
1846 3556 2201 3638 videbatur,
2245 3558 2266 3621 i
2315 3579 2437 3645 que

211 3666 438 3710 omnes
483 3643 808 3723 evitarent,
854 3663 889 3704 e
917 3641 1129 3706 medio
1161 3642 1444 3705 omnium
1471 3641 1630 3726 Ingo
1674 3639 1938 3727 prosilit,
1983 3662 2059 3706 ac
2100 3640 2439 3707 militatum

214 3750 357 3794 sese
403 3726 690 3809 offerens,
733 3726 1171 3811 inperterritus
1215 3724 1409 3790 dixit:
1463 3725 1625 3810 ‘Ego
1670 3747 1754 3790 ex
1794 3723 2223 3791 mediocribus
2264 3726 2437 3812 regis

210 3833 412 3900 agaso
431 3822 473 3894 ²,
535 3811 590 3875 si
641 3811 956 3876 maiorum
1009 3809 1234 3874 honori
1287 3831 1415 3874 non
1471 3808 1827 3895 derogatur,
1883 3811 2137 3896 signum
2191 3810 2440 3896 regium

333 3957 379 4010 a)
412 3958 488 3998 Fr.
520 3968 590 4008 pr.
625 3959 666 3998 1.
785 3953 834 4007 b)
867 3966 946 3998 eos
981 3958 1020 3999 1.
1114 3954 1155 4008 c)
1189 3959 1284 3996 toto
1314 3966 1428 3996 corr.
1461 3958 1625 3996 totum.
1744 3953 1790 4007 d)
1824 3957 1939 3996 linea
1960 3955 2063 4005 scre
2094 3965 2255 3994 erasa.-
2287 3982 2298 3995 .
2332 3983 2343 3995 .
2380 3981 2392 3996 .
2427 3983 2439 3996 .

209 4027 520 4069 expugnasse.
613 4015 656 4068 e)
686 4014 971 4056 memorabat
1003 4017 1043 4056 1.
1134 4013 1170 4065 f)
1204 4015 1253 4054 in
1283 4015 1362 4057 del.
1465 4013 1511 4064 g)
1548 4024 1789 4065 aggressus
1822 4020 1891 4056 est
1925 4017 1965 4058 1.
2075 4011 2125 4065 h)
2156 4015 2368 4064 premisit
2399 4015 2438 4057 1.

214 4075 249 4127 i)
281 4082 382 4118 ante
412 4077 588 4117 lanceis
619 4074 869 4116 vocabulum
899 4085 1085 4116 erasum.
1205 4072 1254 4124 k)
1286 4073 1404 4125 ibus,
1436 4075 1572 4126 nifer,
1605 4084 1684 4123 gre
1717 4073 1829 4114 abac.

371 4207 426 4276 1)
466 4211 550 4260 De
590 4208 692 4262 hac
731 4224 910 4278 pugna
949 4208 1080 4261 alibi
1117 4206 1251 4259 nihil
1287 4206 1496 4274 legitur.
1650 4204 1707 4271 2)
1746 4207 1780 4257 i.
1822 4222 1873 4273 q.
1915 4205 2292 4260 marescalcus.

2456 3164 2474 3185 ⁸
2486 3166 2574 3210 101.
2592 3168 2637 3212 4.
