3059 4834
753 253 1060 307 RICHERI
1097 255 1601 307 HISTORIARUM
1638 256 1863 308 LIBER
1899 257 2005 308 111.
2405 258 2508 307 125

619 420 760 487 104.
844 423 948 488 Ι)6
990 424 1306 508 repetitoa
1348 423 1680 487 Virduno⁸
1724 434 1808 486 aa
1850 424 2171 489 LothariO.

446 525 836 591 Nuntiantur
877 524 1036 589 haec
1063 523 1387 589 Lothario.
1475 525 1605 605 Qui
1647 534 1894 589 tantum
1920 526 2167 592 facinus
2196 528 2505 592 accidisse

278 611 586 674 acerrime
629 608 1016 693 indignatuS,
1061 609 1415 673 exercitum
1457 608 1791 673 dimissum
1841 613 2186 676 revocavit.
2274 611 2359 675 Et
2414 612 2506 675 sic

279 715 431 757 cum
479 693 683 757 10000
740 702 1169 778 pugnatorum
1217 692 1578 757 Virdunum
1620 696 1804 780 petiit
1859 706 2050 780 atque
2105 696 2503 761 adversarios

277 778 648 863 repentinus
691 798 1028 861 aggressus
1073 787 1167 841 est
1183 789 1224 841 ¹.
1310 778 1525 841 Primo
1581 778 1827 863 impetu
1882 780 2229 864 sagittariib
2287 789 2507 845 contra

276 861 492 926 hostes
525 860 799 925 ordinati
828 870 993 925 sunt.
1077 861 1438 947 Missaeque
1472 862 1741 945 sagittae
1775 872 1838 926 et
1865 862 2324 928 arcobalistae0
2356 886 2505 928 cum

279 945 422 1009 aliis
464 943 806 1008 missilibus
849 955 981 1009 tam
1024 945 1258 1009 densae
1287 946 1352 1007 in
1381 966 1526 1010 aere
1556 945 2015 1028 discurrebant,
2058 958 2129 1011 ut
2157 969 2196 1009 a
2223 947 2504 1012 nubibus

281 1028 480 1093 dilabi
528 1038 820 1114 terraque
878 1050 1220 1113 exsurgere
1263 1030 1648 1094 viderentur.
1736 1030 1984 1094 Horum
2043 1040 2265 1095 contra
2306 1032 2506 1117 impe-

278 1124 420 1177 tum
475 1112 858 1177 testudinem
911 1125 1057 1178 ante
1112 1134 1180 1177 se
1225 1121 1288 1177 et
1344 1134 1537 1198 super
1581 1116 1791 1198 capita
1847 1114 2059 1179 hostes
2102 1137 2285 1179 muro
2329 1126 2506 1201 apta-

279 1219 448 1262 vere.
565 1196 644 1260 In
700 1218 894 1282 quam
956 1196 1145 1261 relisa
1201 1196 1469 1261 missilia
1553 1200 1687 1261 ictu
1741 1198 2038 1263 frustrato
2104 1199 2505 1264 decidebant.

279 1280 426 1346 Hoc
484 1282 572 1344 im
623 1290 727 1345 etu
779 1279 967 1364 facto,
1030 1280 1238 1346 Gallid
1289 1282 1781 1368 circumquaque
1841 1282 2237 1347 obsidionem
2296 1284 2505 1369 dispo-

278 1387 481 1429 suere.
625 1364 912 1450 ossisque
955 1366 1296 1465 preruptis,
1353 1362 1850 1431 obfirmaverunt
1893 1377 2116 1449 castra,
2176 1390 2276 1450 ne,
2328 1369 2382 1431 si
2424 1367 2505 1431 ad

275 1450 571 1513 incautos
615 1448 963 1513 adversarii
1005 1449 1387 1535 pros1lirent,
1447 1470 1776 1513 accessum
1832 1450 2083 1515 facilem
2127 1452 2505 1516 invenirent.

505 1570 643 1635 105.
732 1568 1164 1656 Compositioe
1211 1570 1542 1633 cuiusdam
1586 1569 1955 1635 maehinaee
1998 1570 2285 1635 bellicae.

449 1671 740 1751 Quercus
783 1692 1078 1756 proceras
1120 1670 1427 1736 radicitus
1471 1672 1753 1735 succisas
1796 1671 1882 1735 ad
1924 1672 2285 1736 machinam
2330 1670 2506 1736 belli-

279 1778 426 1819 cam
491 1756 907 1820 extruendam
971 1754 1389 1819 advexerunt.
1497 1755 1606 1818 Ex
1664 1755 1897 1840 quibus
1965 1765 2235 1841 quatuor
2296 1757 2505 1823 trabes

279 1840 667 1904 tricenorum
722 1840 966 1926 pedum
1025 1848 1380 1904 straverunt
1435 1838 1588 1917 so10,
1648 1840 1736 1902 ita
1790 1848 1862 1903 ut
1916 1840 2081 1904 duae
2135 1842 2202 1903 in
2243 1838 2506 1925 longum

282 1924 602 2008 proiectae
646 1934 709 1987 et
750 1924 974 1987 decem
1024 1922 1262 2007 pedum
1319 1921 1647 1987 intervallo
1694 1923 2025 2003 distinctae
2077 1922 2325 1988 duabus
2369 1922 2506 1988 aliis

329 2030 401 2072 er
439 2018 868 2072 transversum
911 2006 1136 2071 eodem
1164 2005 1495 2071 intervallo
1534 2006 2081 2091 superiacentibus
2113 2007 2503 2071 cohererent.

277 2028 727 2177 {ongitudinis
771 2100 835 2154 et
873 2090 1222 2154 latitudinis
1265 2092 1561 2176 spatium,
1624 2089 1797 2175 quod
1847 2091 2013 2153 intra
2054 2092 2503 2155 commissuras

281 2198 501 2241 earum
554 2175 917 2256 tenebatur,
987 2174 1208 2239 decem
1276 2174 1515 2260 pedum
1576 2185 1729 2238 erat.
1831 2174 2159 2259 Quicquid
2216 2175 2409 2238 etiam
2463 2197 2503 2238 a

280 2260 713 2326 commissuris
757 2272 939 2323 extra
979 2259 1334 2345 proiectum
1378 2270 1530 2339 erat,
1592 2257 1782 2323 simili
1824 2257 2015 2321 modo
2061 2259 2282 2323 decem
2326 2258 2503 2344 pedi-

279 2345 402 2410 bus
447 2342 944 2408 distendebatur.
1028 2342 1108 2405 In
1159 2342 1384 2406 harum
1437 2341 1714 2405 trabium
1759 2343 2189 2406 commissuris
2235 2352 2505 2428 quatuor

283 2428 555 2493 sublicas
608 2428 1161 2514 quadragenorum
1214 2426 1470 2511 pedum,
1575 2425 1837 2490 uadrato
1897 2426 2157 2511 quidem
2206 2436 2501 2509 scemate,

287 2512 400 2576 sed
438 2534 725 2597 procero,
781 2533 984 2597 aequo
1029 2511 1234 2597 spatio
1294 2532 1332 2573 a
1391 2532 1457 2573 se
1584 2519 1875 2592 stanteS,·
1896 2510 2195 2574 adhibitis
2250 2508 2501 2575 trocleis

286 2606 640 2661 erexerunt.
728 2596 1406 2682 Transposueruntque
1449 2594 1551 2658 bis
1592 2616 1709 2679 per
1752 2602 2026 2679 quatuor
2073 2592 2271 2657 latera
2312 2594 2503 2659 festu-

281 2701 392 2746 cas
435 2681 656 2746 decem
745 2680 955 2761 edum,
997 2680 1064 2743 in
1104 2680 1317 2743 medio
1362 2677 1604 2743 scilicet
1645 2688 1709 2743 et
1751 2680 1818 2742 in
1866 2698 2135 2761 summ0,
2181 2699 2344 2764 quae
2381 2688 2504 2741 tra-

281 2765 513 2829 ductae
567 2765 686 2829 sub
716 2765 842 2828 ‘cas
896 2764 1018 2829 sibi
1066 2763 1311 2829 fortiter
1358 2772 1779 2827 annecterent.
1865 2762 1928 2827 A
1982 2784 2057 2825 ca
2104 2760 2300 2827 itibus
2353 2782 2503 2827 vero

280 2849 579 2931 trabium,
635 2848 867 2934 quibus
911 2847 1190 2911 sublicae
1232 2848 1612 2929 nitebantur,
1669 2857 1943 2932 quatuor
1982 2854 2082 2910 tra
2129 2869 2195 2911 es
2239 2846 2504 2911 eductae

281 2944 346 2999 et
403 2956 566 3019 pene
625 2954 828 3017 usque
889 2932 973 2996 ad
1028 2932 1301 2997 festucas
1361 2953 1434 2995 su
1485 2932 1721 2994 eriores
1782 2930 2173 3016 obliquatae,
2240 2930 2501 2995 sublicis

185 3009 204 3034 “
278 3017 392 3080 iun
440 3016 726 3098 ebantur,
776 3026 847 3080 ut
888 3018 981 3080 sic
1023 3039 1104 3080 ex
1149 3016 1240 3079 eis
1282 3036 1424 3079 mac
1471 3016 1579 3078 ina
1620 3016 2017 3080 extrinsecus
2071 3014 2322 3080 firmata
2373 3036 2504 3079 11011

277 3103 402 3166 titu
448 3111 602 3165 aret.
715 3099 924 3184 Super
985 3100 1258 3164 festucas
1324 3122 1578 3186 quoque
1595 3099 1636 3182 f,
1702 3121 1865 3185 quae
1928 3100 1998 3163 in
2054 3099 2264 3163 medio
2319 3110 2382 3164 et
2438 3100 2505 3162 in

279 3206 530 3250 summo
557 3184 917 3247 machinam
949 3183 1380 3266 conectebant,
1422 3185 1603 3269 tigna
1632 3193 2009 3248 straverunt.
2098 3183 2282 3263 Qua-e
2313 3184 2501 3248 etiam

279 3269 562 3334 cratibus
616 3277 1064 3349 contexerunt,
1121 3290 1315 3352 super
1358 3289 1516 3354 quas
1561 3267 1924 3332 dimicaturi
1967 3276 2201 3331 stantes
2246 3276 2310 3330 et
2352 3268 2502 3330 emi-

277 3354 599 3419 nentiores
653 3351 826 3430 facti,
893 3351 1326 3416 *adversarios
1391 3351 1690 3416 deorsum
1753 3349 1979 3414 iaculis
2044 3360 2107 3414 et
2178 3348 2498 3434 lapidibus

279 3437 638 3503 obruerent.
741 3436 929 3499 Hanc
982 3433 1215 3501 molem
1281 3444 1637 3499 extructam
1696 3434 1779 3497 ad
1829 3434 2164 3497 stationem
2220 3434 2500 3497 hostium

277 3522 597 3587 deducere
651 3520 1033 3605 cogitabant.
1122 3520 1253 3584 Sed
1307 3520 1458 3606 quia
1514 3540 1585 3581 sa
1632 3517 1879 3582 ittarios
1936 3525 2266 3602 suspectos
2309 3516 2501 3583 habe-

277 3604 453 3687 bant,
496 3605 807 3670 rationem
850 3600 1218 3691 querebant,
1274 3624 1402 3688 qua
1441 3540 1733 3666 hostlgbus
1778 3603 1913 3667 sine
1958 3623 2220 3665 suorum
2261 3599 2502 3667 lesione

276 3690 838 3777 appropinquaret.
896 3688 1184 3752 Tandem
1213 3687 1454 3751 ratione
1486 3685 1781 3751 subtilius
1807 3694 2261 3772 perscrutante,
2291 3707 2501 3772 reper-

276 3784 418 3839 tum
461 3784 576 3856 est,
621 3795 764 3838 eam
805 3772 888 3837 ad
929 3772 1140 3837 hostes
1186 3773 1426 3859 optima
1467 3780 1603 3835 arte
1646 3770 1901 3835 detrudi
1941 3791 2149 3856 posse.

398 3972 444 4025 a)
477 3974 548 4013 De
580 3983 615 4024 r,
636 3974 690 4024 V,
732 3984 761 4012 α
801 3972 915 4011 absc.
1093 3969 1141 4023 b)
1175 3971 1385 4020 flagitarit
1427 3974 1467 4012 1.
1650 3969 1691 4021 c)
1726 3972 1911 4013 archob.
1948 3974 1988 4013 1.
2168 3968 2213 4020 d)
2252 3974 2353 4020 poet
2398 3970 2503 4011 add.

279 4031 325 4083 e)
361 4031 489 4084 Com,
521 4042 568 4071 m
597 4032 711 4071 abeo.
863 4029 898 4081 f)
931 4042 952 4070 e
983 4042 1095 4071 corr.

282 4236 318 4287 d
433 4162 491 4231 1)
527 4164 682 4215 Haec
721 4164 914 4215 dubiae
953 4162 1081 4215 fidei
1119 4179 1253 4227 esse,
1292 4162 1554 4214 Wilmans
1592 4160 1630 4213 1.
1668 4161 1703 4213 1.
1746 4167 1798 4212 et
1824 4162 1992 4212 Witte
2029 4179 2081 4230 p.
2123 4161 2190 4211 51
2232 4178 2283 4214 n.
2326 4166 2503 4213 osten-

322 4244 490 4290 erunt.

2526 552 2627 593 984.

2516 3363 2533 3383 ⁸
2552 3372 2607 3417 p.·
2631 3367 2732 3410 630.
