3059 4834
728 245 1034 296 RICHERI
1072 244 1574 296 HISTORIARUM
1611 243 1834 294 LIBER
1873 244 1917 292 Ι.
2357 245 2424 294 31

208 416 385 479 cousi
426 422 591 478 sunt.
676 411 765 476 Et
812 415 978 476 inter
1031 410 1422 497 loquendum
1476 414 1499 437 *
1514 411 1835 476 cohortem
1899 421 2287 476 armatorum
2340 410 2424 474 ab
2451 424 2556 470 ’τοι
2591 427 2677 472 12¹.
2714 461 2718 468 .

203 497 439 562 abditis
468 505 695 562 evocat
718 519 789 560 re
836 498 984 582 ique
1014 496 1270 560 incauto
1299 493 1564 558 inducit.
1650 494 1780 574 Qui
1821 494 2208 560 multitudini
2240 495 2430 560 reniti

201 604 332 646 non
373 579 611 664 valens,
654 603 693 644 a
735 602 812 644 co
860 589 997 644 orte
1040 589 1265 665 captus
1308 587 1433 660 est,
1494 577 1813 663 aliquibus
1871 601 2016 643 cum
2073 601 2147 645 eo
2201 600 2280 642 ca
2325 580 2428 661 tis,

204 664 590 752 quibusdam
632 665 824 728 etiam
867 665 1135 728 interem
1182 664 1283 744 tis,
1326 661 1589 761 reliquis
1633 684 1888 749 quoque
1927 662 2180 748 fugatis.
2318 684 2426 726 uc-

198 759 437 836 tusque
479 750 815 829 Peronam,
874 769 1091 812 carcer
1157 749 1170 762 ‘
1229 745 1554 810 custodiae
1607 746 1968 832 deputatur.
2056 748 2362 814 Germani
2379 760 2423 828 ¹,

198 855 355 918 rege
398 835 655 914 amisse,
718 832 785 894 in
841 831 1090 896 diversa
1152 831 1455 896 feruntur.
1543 830 1834 911 Quorum
1899 831 2008 894 alii
2076 829 2154 895 de
2217 829 2427 896 reditu

202 916 452 982 domini
481 915 821 997 elaborant,
865 915 975 978 alii
1002 938 1156 980 vero
1185 936 1226 977 a
1254 937 1368 1000 spe
1399 914 1652 996 deiecti,
1693 912 1968 978 Rodulfo
2012 915 2150 1000 regi
2190 913 2426 997 favent,

202 1022 325 1065 nec
364 1009 580 1065 tamen
618 1001 686 1061 in
714 999 850 1063 eius
878 999 1074 1064 fidem
1100 999 1352 1085 penitus
1383 999 1763 1063 concedunt.
1849 999 2138 1079 Quorum
2225 999 2424 1063 riores

202 1085 675 1170 exspectatione
704 1081 949 1148 diutina
976 1083 1221 1147 domini
1260 1081 1620 1148 libertatem
1657 1084 2078 1168 opperientes,
2120 1021 2426 1146 ngiber-

202 1179 340 1232 tum
381 1168 770 1254 proditorem
814 1167 893 1232 de
936 1163 1087 1232 fidei
1128 1166 1474 1231 violatione
1504 1188 1656 1251 sepe
1686 1176 2119 1232 convenerunt
2159 1187 2235 1229 ac
2277 1165 2427 1230 inde

196 1251 544 1338 plurimum
584 1251 759 1338 apud
801 1249 965 1316 male
1009 1252 1297 1316 conscios
1342 1251 1670 1336 conquesti
1724 1261 1891 1317 sunt.
1979 1251 2226 1331 Quibus
2285 1273 2427 1336 per-

196 1336 466 1402 suadere
506 1357 637 1400 non
677 1334 978 1417 valentes,
1020 1335 1100 1400 de
1144 1335 1407 1421 periurii
1448 1342 1632 1398 reatu
1672 1333 1829 1398 nihil
1869 1334 2120 1399 ruboris
2150 1336 2427 1399 incusse-

194 1428 363 1502 runt,
408 1442 558 1484 cum
599 1420 695 1482 ira
734 1419 864 1484 Dei
908 1421 1001 1483 eis
1043 1420 1422 1485 immineret.

378 1560 482 1623 48.
568 1558 888 1622 Exactio¹¹
929 1558 1278 1644 pecuniae²
1320 1555 1618 1643 publicae
1639 1566 1666 1597 ⁸
1707 1556 1929 1642 piratis
1973 1555 2240 1621 dandae.

362 1661 547 1725 Haec
591 1658 743 1723 dum
786 1669 1142 1745 agerentur,
1186 1661 1493 1746 pyratae*
1525 1657 1765 1723 Gallias
1807 1660 2188 1744 irruperunt,
2233 1680 2425 1744 pecu·
2443 1684 2545 1727 924.

190 1744 351 1809 dum
379 1753 935 1830 armentorumque
964 1743 1348 1809 abductione
1377 1742 1842 1827 multarumque
1873 1764 2068 1828 opum
2111 1742 2426 1807 exhaustu

192 1849 343 1892 cum
385 1827 807 1914 plurimorum
849 1829 1217 1955 captivitate
1269 1838 1505 1892 terram
1565 1825 2043 1911 depopulantes
2130 1826 2424 1906 Quorum

190 1913 504 1997 impetum
546 1934 662 1977 rex
705 1909 925 1976 dolens
970 1960 987 1993 ,
1030 1933 1289 1975 suorum
1331 1933 1487 1974 usus
1533 1909 1812 1991 consili0,
1871 1911 2271 1973 exactionem
2313 1932 2423 1997 pe·

194 1997 425 2060 cuniae
469 1994 809 2061 collatitiae
850 1995 985 2060 fieri
1030 1992 1438 2058 exactoribus
1493 1993 1758 2073 indixit,
1817 2013 1981 2078 quae
2022 1992 2312 2056 hostibus
2354 1995 2422 2057 in

188 2081 377 2165 pacis
442 2091 631 2164 pacto
686 2078 1075 2143 conferretur
1092 2089 1136 2140 ².
1222 2077 1311 2140 Et
1362 2076 1620 2156 collata,
1684 2076 1767 2140 ad
1809 2088 2029 2140 votum
2086 2097 2420 2141 commune

192 2165 608 2250 paciscuntur
640 2172 833 2248 atque
861 2163 931 2225 in
962 2182 1077 2225 sua
1104 2161 1481 2225 concedunt.
1566 2161 1710 2224 Rex
1749 2181 1924 2240 vero,
1965 2158 2112 2224 licet
2152 2181 2423 2243 merens,

193 2248 283 2310 ad
337 2245 461 2309 alia
518 2267 585 2309 se
640 2244 923 2310 contulit.
1008 2243 1385 2308 Exercitum
1403 2256 1428 2286 ⁰
1477 2246 1693 2329 itaque
1735 2245 1801 2306 in
1844 2242 2258 2328 Aquitaniam
2312 2244 2422 2308 ad-

194 2351 420 2394 versus
466 2329 603 2392 eius
645 2330 1003 2415 principem
1048 2326 1453 2394 *Wilelmum
1494 2336 1694 2413 parat,
1739 2349 1814 2392 eo
1854 2326 2027 2412 quod
2069 2326 2254 2392 subdi
2299 2327 2517 2397 sibi‘p.
2552 2345 2656 2389 683.

199 2422 697 2498 contempneret.
780 2411 869 2477 Et
909 2422 1035 2477 tem
1087 2433 1194 2476 ore
1238 2421 1550 2498 oportuno
1595 2433 1743 2474 cum
1787 2415 2072 2475 exercitu
2099 2433 2291 2496 super
2316 2411 2421 2474 Li-

193 2497 405 2581 gerim
446 2497 645 2561 affuit.
730 2497 819 2561 At
861 2495 1029 2562 Wile
1053 2518 1194 2560 mus
1237 2495 1508 2561 militum
1552 2516 1628 2560 co
1679 2497 1806 2558 iam
1835 2517 1967 2559 non
1993 2496 2265 2581 patiens,
2311 2493 2419 2559 ob-

190 2582 404 2645 ruenti
446 2603 563 2666 per
602 2579 845 2665 legatos
888 2582 1164 2645 occurrit
1174 2582 1248 2644 ''*.
1333 2578 1593 2667 Illisque
1684 2580 1831 2644 uvio
1875 2578 2294 2660 interfluente,
2350 2580 2419 2644 in

189 2665 549 2750 legatorum
614 2663 1016 2728 suasionibus
1070 2663 1205 2728 dies
1261 2673 1397 2730 tota
1450 2673 1828 2750 consumpta
1883 2674 1980 2728 est
1999 2674 2043 2728 ³.
2130 2663 2417 2739 Tandem

188 2749 297 2814 die
341 2748 540 2813 altera
580 2747 775 2812 fidem
817 2750 1137 2834 utrimque
1179 2749 1370 2834 pacti,
1416 2770 1456 2813 a
1496 2771 1564 2812 se
1607 2747 2050 2814 discesserunt.

274 2889 377 2952 49.
453 2886 848 2973 Congressus
865 2888 893 2930 ⁴¹
938 2886 1444 3035 Rodulfis‘ffuregiis
1487 2909 1635 2950 cum
1678 2886 1944 2972 piratis·¹
1987 2908 2332 2973 eorumque

1268 2992 1359 3035 sm
1409 3021 1424 3034 .

361 3073 503 3138 Rex
545 3071 695 3136 inde
736 3094 1084 3159 regressuS,
1127 3071 1304 3137 febre
1346 3083 1536 3138 acuta
1562 3071 1734 3159 apud
1777 3071 2001 3137 urbem
2033 3072 2416 3137 Senonicam
2438 3090 2539 3132 925.

192 3157 539 3242 corripitur
552 3169 599 3224 4.
688 3157 815 3237 Qui
872 3178 1019 3219 cum
1078 3156 1182 3220 die
1238 3158 1471 3220 cretica
1521 3155 1965 3237 convaluisset,
2016 3157 2082 3219 vi
2137 3155 2418 3220 recidiva

192 3263 412 3305 rursus
456 3242 856 3327 opprimitur.
941 3241 1040 3304 Ac
1085 3239 1165 3302 de
1208 3239 1406 3305 salute
1436 3241 1800 3325 desperans,
1842 3239 2075 3303 Remos
2106 3239 2188 3302 ad
2221 3239 2417 3303 Sanc-

192 3335 333 3389 tum
359 3325 725 3410 Remigium
760 3345 896 3388 sese
940 3323 1171 3387 deferri
1210 3321 1375 3388 fecit.
1442 3323 1566 3388 Cui
1609 3323 1777 3386 dona
1818 3320 2093 3407 plurima
2133 3320 2417 3406 largitus,

193 3407 415 3496 elapso
459 3431 677 3473 mense
728 3406 966 3472 utiliter
1022 3405 1343 3471 convaluit
1394 3407 1743 3492 urbemque
1791 3405 2238 3471 Suessonicam
2291 3402 2416 3465 alia

193 3505 526 3560 curaturus
569 3493 854 3579 expetiit.
938 3489 1071 3555 Ubi
1112 3511 1260 3554 cum
1302 3490 1477 3575 apud
1526 3490 1732 3576 princi
1781 3512 1848 3553 es
1900 3510 2035 3552 rem
2087 3486 2414 3587 publicam

192 3577 567 3660 consuleret,
594 3574 789 3661 legati
806 3575 1138 3655 adsistunt,
1162 3574 1271 3660 qui
1299 3582 1560 3659 pyratas
1569 3574 1656 3606 *¹¹¹*
1685 3511 1812 3636 fige
1833 3570 2071 3636 violata
2090 3572 2417 3636 mteriores

191 3661 643 3747 Burgundiae†
694 3668 907 3746 partes
959 3657 1261 3743 irrupisse
1315 3667 1636 3740 asserunt3
1703 3678 2204 3744 congressosque
2269 3678 2415 3720 cum

114 3805 133 3878 lv>
340 3822 389 3891 ¹')
426 3825 741 3876 Nortmanni
782 3825 829 3872 1.
942 3819 1013 3888 ¹⁸⁸)
1054 3821 1238 3873 dolose
1276 3828 1457 3873 tamen
1496 3819 1623 3872 add.
1666 3821 1714 3873 1.
1823 3816 1922 3886 ***)
1961 3821 2315 3873 Nortmannos
2358 3821 2410 3873 1.

341 3896 395 3966 †)
433 3897 615 3967 (ulteri
652 3893 812 3963 corr.)
853 3898 1138 3948 exteriores
1178 3895 1473 3948 Galliarum
1515 3895 1566 3947 1.

314 4025 360 4078 a)
393 4029 449 4080 E,
481 4038 520 4079 e,
554 4037 577 4066 c
608 4026 719 4065 abac.
835 4023 884 4077 b)
915 4036 1010 4066 non
1040 4025 1193 4065 ferens
1227 4025 1268 4064 1.
1388 4020 1429 4073 c)
1461 4022 1560 4063 Iter
1591 4024 1631 4062 1.
1753 4019 1800 4073 d)
1835 4021 1917 4074 Co,
1947 4021 2002 4073 R,
2035 4032 2072 4075 r,
2105 4021 2130 4062 f
2153 4021 2265 4063 abac.

346 4139 401 4207 1)
438 4143 475 4192 i.
506 4157 552 4192 e.
580 4139 803 4206 Belgae.
859 4139 1193 4192 Vocabulum
1233 4129 1496 4204 corrigere
1530 4143 1717 4189 auctor
1752 4135 2007 4204 neglexit.
2157 4133 2216 4203 2)
2255 4135 2412 4188 Flod.

194 4233 251 4267 a.
291 4215 417 4267 924.
567 4211 627 4280 3)
664 4215 745 4264 Ex
782 4212 936 4265 Flod.
976 4229 1025 4264 a.
1066 4213 1188 4264 924.
1336 4208 1397 4276 4)
1434 4210 1703 4264 Indidem.
