3059 4834
726 295 1035 348 RICHERI
1072 293 1575 346 HISTORIARUM
1611 295 1814 345 LIBRI
1852 295 1984 346 1111.
2329 295 2472 345 XIII

242 486 722 550 nonnunquam
781 464 879 527 bis
938 461 1034 526 vel
1085 470 1181 524 ter
1224 463 1313 525 ad
1358 460 1631 526 eundem
1673 460 1882 526 locum
1937 463 2196 526 rediret.
2289 461 2471 535 Quae

241 552 302 612 si
346 559 663 634 quantum
722 548 1013 611 studium
1056 547 1340 610 sermoni
1382 546 1756 610 adhibuerit
1814 546 2172 627 ostendant,
2230 547 2471 629 ipsum,

241 642 313 696 ut
356 654 567 718 supra
612 632 873 711 dictum,
916 632 1247 694 veritatem
1276 651 1530 714 parum
1560 652 1824 693 curasse
1848 631 2157 715 probant.
2242 630 2470 715 Neque

244 719 464 781 omn-ia
492 717 709 800 ipsius
736 738 937 778 manu
970 722 1252 777 eoearata
1294 735 1425 777 esse
1456 717 1811 798 putarim..
1869 715 2117 778 Menda
2151 715 2321 778 enim
2368 736 2468 778 oc·

243 809 541 880 currunt,
584 797 834 862 litterae
866 800 1138 863 omissae
1166 797 1264 862 vel
1303 807 1589 862 mutatae
1631 807 1689 861 et
1732 819 1899 881 quae
1935 807 2088 862 sunt
2130 799 2470 880 e‘usmodi,

244 907 413 970 quae
458 884 851 946 amanuensi
881 885 1111 967 potius
1156 905 1353 967 quam
1395 883 1532 966 ipsi
1576 884 1832 946 auctori
1861 882 2118 947 tribuen
2171 905 2212 944 a
2244 883 2466 946 viden-

242 979 371 1032 tur.
435 969 657 1032 Etiam
700 967 1062 1030 litterarum
1106 967 1339 1030 ductus
1384 989 1515 1030 non
1562 967 1797 1051 ubique
1839 966 2029 1030 idem.
2130 965 2264 1030 Sed
2307 975 2468 1030 certe

246 1053 469 1116 omnia
510 1053 653 1136 ipse
695 1051 1015 1115 Richerus
1060 1051 1304 1129 revisit,
1369 1051 1468 1113 ita
1514 1059 1585 1112 ut
1629 1053 1787 1135 jure
1832 1050 2112 1114 codicem
2157 1059 2470 1134 autoyra-

231 1136 441 1222 phum
484 1137 693 1199 dicas.
779 1134 972 1198 Liber
1014 1135 1310 1220 quamvis
1356 1133 1912 1197 emendationibus
1945 1142 2210 1214 scateat,
2258 1134 2468 1197 oratio

244 1220 503 1305 quidem
548 1220 865 1283 continua
907 1228 1168 1282 servata
1211 1227 1318 1281 est.
1405 1217 1719 1281 Lacunae
1763 1241 1930 1303 quas
1977 1218 2316 1303 aliquoties
2362 1217 2467 1280 de-

232 1304 597 1389 prehendis
641 1303 1042 1387 bibliopeyae
1136 1303 1303 1365 otius
1392 1324 1548 1364 uam
1592 1303 1881 1366 auctoris
1921 1302 2152 1386 culpae
2182 1302 2467 1365 tribuen-

245 1389 371 1452 dae
412 1387 715 1450 videntur
735 1408 759 1466 ,⁰
819 1325 1161 1450 schedulbie
1202 1385 1301 1448 vel
1378 1384 1510 1450 olia
1599 1386 1881 1449 uaedam
1922 1395 2075 1469 post
2115 1386 2471 1449 inserenda

245 1471 512 1552 desunt,·
555 1472 726 1534 idem
748 1470 1047 1555 fortasse
1093 1469 1252 1534 alibi
1294 1478 1549 1533 statuen
1601 1493 1710 1533 um
1739 1479 1846 1550 est,
1892 1470 2006 1535 ubi
2034 1469 2470 1533 Ekkehardus

244 1556 593 1639 eoescripsit
657 1577 823 1640 quae
866 1578 1042 1618 nunc
1100 1556 1175 1618 in
1232 1555 1449 1618 codice
1492 1552 1769 1634 frustra
1829 1562 2298 1638 quaerunturl.
2385 1553 2470 1616 In

247 1662 369 1725 quo
436 1637 832 1720 conficiendo
898 1662 1043 1703 cum
1084 1638 1406 1702 Richerus
1461 1637 1713 1701 diutius
1771 1647 2125 1722 occupatus
2193 1647 2351 1701 esset
2415 1646 2474 1702 et

246 1746 381 1787 non
426 1723 613 1787 semel
657 1723 889 1787 deleret
932 1745 1099 1807 quae
1143 1724 1500 1807 scripserat
1543 1745 1744 1807 eaque
1785 1723 1972 1786 modo
2021 1721 2151 1786 alio
2193 1722 2329 1786 loco
2372 1723 2474 1785 in-

246 1816 498 1887 sereret,
540 1808 728 1872 modo
759 1829 1047 1892 prorsus
1090 1829 1263 1870 nova
1310 1806 1592 1885 adderet,
1631 1804 1898 1890 factum
1960 1815 2068 1886 est,
2129 1814 2201 1869 ut
2255 1827 2475 1870 rerum

249 1891 406 1955 ordo
443 1891 819 1954 turbaretur
828 1913 852 1972 ‚·
897 1913 1117 1976 neque,
1163 1899 1233 1952 ut
1261 1913 1468 1974 supra
1498 1891 1859 1973 expositum
1889 1899 1998 1969 est,
2047 1889 2124 1952 ab
2156 1892 2248 1954 eis
2279 1890 2473 1954 absti-

246 1977 395 2039 nuit
423 1999 589 2060 quae
618 1977 961 2039 historiam
991 1983 1211 2058 aperte
1242 1982 1729 2058 corrumperent
1757 1981 1813 2034 et
1822 1971 2200 2054 foedarent.
2292 1970 2475 2045 Quae

247 2082 395 2124 cum
447 2061 545 2122 ita
604 2061 757 2139 sint,
821 2081 954 2122 non
1017 2056 1209 2120 valde
1270 2051 1679 2135 mirandum,
1745 2057 1940 2118 etiam
1994 2055 2358 2119 Flodoardi
2419 2067 2476 2120 et

251 2141 566 2222 Gerberti,
612 2164 771 2227 quos
816 2151 1068 2205 secutus
1110 2149 1201 2202 est
1246 2149 1556 2219 auctores,
1600 2140 2016 2203 narrationes
2061 2142 2277 2203 minus
2304 2139 2473 2222 fide-

248 2226 396 2289 liter
438 2248 567 2288 esse
612 2227 1000 2309 eoescriptas,
1066 2225 1227 2308 quin
1294 2223 1648 2287 arbitrarie
1703 2223 1801 2285 ita
1856 2231 2159 2303 mutatas,
2223 2231 2295 2285 ut
2351 2245 2476 2286 sua

251 2308 660 2372 substitueret
724 2317 781 2370 et
838 2330 879 2369 a
936 2328 1091 2371 vera
1150 2307 1429 2370 historia
1493 2305 1683 2390 lon9e
1747 2306 2062 2370 recederet
2073 2329 2098 2387 ,·
2162 2307 2238 2371 id
2301 2307 2476 2390 quod

255 2391 792 2455 annotationibus
873 2391 1143 2474 adjectis
1222 2392 1514 2472 eoeposui.
1659 2387 1880 2462 Quare
1943 2388 2136 2453 laudi
2196 2390 2474 2454 Richero

253 2497 463 2559 supra
504 2475 783 2538 tributae
828 2474 1297 2538 detrahendum
1351 2496 1499 2555 esse,
1546 2475 1696 2557 jam
1756 2473 1879 2537 alii
1931 2483 2094 2538 recte
2150 2474 2313 2537 mihi
2364 2496 2471 2537 θω-

238 2560 548 2644 posuisse
600 2559 925 2638 videntur,
984 2559 1074 2623 ad
1131 2581 1404 2644 quorum
1448 2559 2003 2622 commentationes
2058 2557 2314 2622 lectores
2371 2579 2470 2622 re-

250 2644 479 2707 missos
521 2643 706 2707 velim
726 2654 769 2704 ².
856 2643 997 2707 Hoc
1041 2643 1177 2706 loco
1222 2643 1551 2707 monuisse
1594 2640 1906 2726 sufficiat,
1960 2641 2202 2706 Pertzii
2243 2643 2468 2706 editio-

250 2750 395 2790 nem
422 2728 758 2812 repetitam
788 2749 922 2791 esse
949 2726 1239 2790 Parisiis
1273 2727 1451 2790 1845.
1484 2749 1525 2788 a
1554 2725 1621 2790 J.
1648 2724 1923 2808 Guadet‚
1968 2728 2086 2811 qui
2118 2729 2471 2790 versionem

251 2809 577 2875 Gallicam
600 2821 655 2875 et
686 2811 1139 2875 adnotationes
1164 2811 1490 2895 quasdam
1519 2811 1798 2894 adjecit,·
1849 2811 2105 2874 tertiam
2124 2821 2358 2894 postea
2391 2811 2470 2873 ab

248 2895 327 2959 A.
374 2895 465 2958 M.
509 2895 916 2979 Poinsiynon
974 2918 1117 2958 cum
1168 2895 1460 2959 versione
1504 2893 1845 2957 emendata
1890 2903 1947 2956 et
1991 2897 2468 2974 commentariO,

249 2987 521 3043 curante
565 2978 905 3044 academia
946 2979 1267 3059 Remensi,
1330 3001 1391 3040 a.
1440 2976 1622 3040 1855.
1675 2977 1927 3062 publici
1954 2979 2143 3062 juris
2169 2978 2470 3061 factam;

253 3061 710 3128 Germanicam
766 3085 911 3126 vero
956 3063 1313 3126 versionem
1354 3060 1592 3124 Karoli
1636 3061 1712 3124 de
1769 3060 2280 3126 Osten-Sacken
2327 3083 2472 3126 cum

299 3147 665 3231 raefatione
678 3147 771 3210 W.
785 3146 1258 3210 Wattenbachii
1280 3144 1978 3228 (Geschichtschreiber
1993 3146 2109 3209 der
2128 3147 2471 3210 deutschen

236 3170 514 3295 {lov-zeii
565 3231 643 3292 X.
670 3231 911 3296 Jahrh.
958 3229 1087 3293 Vol.
1116 3230 1229 3310 X.)
1306 3229 1515 3293 Berol.
1567 3229 1746 3293 1854.
1831 3231 1941 3292 Ex
1985 3231 2218 3314 quibus
2316 3253 2470 3292 uae-

250 3315 405 3378 dam
459 3317 532 3378 in
593 3315 1049 3378 adnotationes
1105 3322 1366 3377 nostras
1423 3322 1578 3375 sunt
1618 3314 1984 3394 translata;
2047 3313 2186 3376 alia
2247 3337 2288 3376 a
2381 3316 2470 3377 iis

249 3408 463 3462 sumta
508 3400 623 3484 qui
663 3420 765 3460 res
812 3421 853 3460 a
897 3397 1178 3460 Richero
1230 3397 1515 3460 traditas
1577 3400 1955 3460 accuratius
2009 3405 2468 3480 eoeposuerunt.

1968 3485 2045 3550 G.
2117 3487 2385 3554 Waitz.

396 3612 451 3679 1)
492 3616 588 3666 SS.
615 3617 695 3666 VI
728 3633 794 3682 ,p.
824 3615 874 3664 6.
917 3614 984 3664 de
1011 3613 1117 3664 alio
1159 3614 1347 3665 codice
1389 3617 1648 3680 cogitavi3
1700 3613 1843 3680 quod
1883 3615 2171 3680 probarunt
2206 3615 2470 3664 Reimann

246 3705 301 3754 p.
340 3688 427 3749 41,
467 3690 559 3754 qui
593 3693 740 3739 recte
778 3689 997 3747 monuit,
1047 3688 1249 3752 priores
1286 3693 1490 3739 tantum
1532 3689 1663 3739 duos
1700 3688 1864 3738 libros
1903 3688 1971 3737 ab
2010 3687 2337 3738 Ekkehardo
2379 3704 2469 3738 ex-

246 3762 473 3827 scriptos
514 3778 649 3822 esse,
688 3777 789 3811 nec
825 3761 1171 3811 Trithemium
1210 3763 1529 3827 posteriores
1571 3763 1904 3826 cog-novisse,
1956 3762 2046 3826 qui
2085 3778 2217 3827 opus
2254 3761 2471 3812 Richeri

245 3834 433 3886 laudet
470 3835 544 3884 ‘in
570 3836 701 3885 duos
725 3834 889 3885 libros
917 3833 1185 3898 divisum’;
1227 3835 1476 3895 Wittich,
1501 3835 1883 3900 Forschungen
1908 3834 2014 3895 III,
2043 3851 2092 3900 p.
2120 3835 2241 3884 131.
2315 3835 2472 3884 Nunc

244 3909 423 3974 potius
452 3907 519 3957 de
544 3908 687 3958 foliis
726 3907 929 3973 aliquot
966 3909 1151 3957 iterum
1194 3909 1477 3973 descriptis
1518 3909 1812 3972 cogitarim.
1888 3907 2267 3972 Fragmentum
2305 3908 2470 3958 histo-

243 3983 357 4031 riae
396 3982 708 4044 Francicae,
756 3981 1142 4046 Forschungen
1180 3981 1286 4041 ΙΙΙ,
1324 3999 1377 4047 p.
1420 3981 1544 4044 145,
1589 3979 1791 4030 editum
1830 3981 2000 4031 minus
2052 3987 2199 4031 recte
2238 3981 2468 4031 Richero

242 4055 475 4104 tribuere
502 4070 662 4105 ausus
688 4071 821 4104 sum.
970 4052 1027 4119 2)
1067 4053 1151 4104 cf.
1171 4054 1448 4116 WilmanS,
1474 4054 1511 4104 J
1514 4053 1815 4104 ahrbiicher
1835 4054 1960 4104 Otto
1982 4055 2082 4116 ΙΙΙ,
2121 4071 2172 4120 p.
2198 4053 2299 4102 175
2320 4070 2469 4120 sqq.;

244 4129 523 4190 Reimann,
550 4129 635 4177 De
660 4128 875 4178 Richeri
899 4128 1010 4176 vita
1036 4133 1089 4177 et
1114 4127 1341 4194 scriptia,
1369 4128 1568 4179 Olsnae
1600 4126 1768 4190 1845;
1807 4127 2182 4188 Wattenbach,
2221 4129 2276 4176 in
2302 4127 2470 4192 praef.

245 4200 317 4250 ad
336 4203 635 4251 versionem
657 4201 1029 4252 Germanicam
1051 4218 1103 4266 p.
1117 4202 1257 4251 XIII
1270 4218 1409 4267 sqq„
1432 4207 1485 4251 et
1505 4200 2042 4265 Geschichtsquellen
2062 4201 2103 4262 1,
2123 4218 2177 4265 p.
2193 4200 2298 4248 300
2320 4216 2468 4266 sqq.;

244 4273 710 4334 Maurenbrecher‚
749 4275 834 4323 De
870 4274 1135 4324 historicis
1176 4276 1371 4325 decimi
1410 4273 1580 4325 seculi
1618 4274 1964 4339 scriptoribus
2002 4290 2056 4338 p.
2098 4274 2165 4322 70
2203 4288 2322 4338 sqq.
