3059 4834
714 296 1021 349 RIC‘HERI
1056 295 1558 348 HISTORIARUM
1593 296 1818 348 LIBER
1853 296 1988 347 1111.
2357 300 2464 349 163

236 465 581 529 Laicorum
636 486 790 548 ergo
848 471 1095 529 tantum
1152 463 1661 528 communionem
1715 464 1774 528 ei
1828 462 2184 547 reddentes,
2241 463 2418 530 illum
2435 477 2462 510 ³
2480 491 2580 532 991.

234 549 619 637 penitentiae
662 545 961 626 subdunt,
1004 557 1195 633 atque
1240 547 1334 610 sic
1376 567 1416 609 a
1458 546 1682 610 sinodo
1726 547 1912 610 soluti
1955 556 2116 612 sunt.
2205 549 2276 614 Si
2319 551 2462 636 quis
2481 551 2582 592 1¹²²·
2616 551 2692 593 ¹⁷·

236 644 450 699 autem
492 631 743 718 plenius
788 632 949 696 scire
990 631 1277 713 voluerit,
1324 629 1478 717 quid
1523 631 1793 716 quisque
1835 652 2056 695 eorum
2100 632 2178 696 de
2209 635 2462 698 canoni-

235 718 359 782 bus
414 725 476 781 et
530 725 786 800 patrum
838 713 1108 780 decretis
1163 717 1231 778 in
1290 713 1556 778 concilio
1609 713 1956 800 protulerit,
2014 716 2167 799 quid
2211 738 2464 803 quoque

237 800 319 866 ab
366 800 457 864 eis
499 801 591 865 ibi
634 800 987 882 sanccitum
1042 800 1154 880 sit,
1212 799 1365 924 quid
1420 800 1612 862 etiam
1657 820 1696 862 a
1737 799 1994 884 regibus
2037 808 2100 862 et
2143 803 2463 900 episcopis

235 886 527 949 Romano
572 882 861 969 pontifici
905 882 1219 946 directum
1263 931 1280 964 ,
1326 881 1557 969 quibus
1645 905 1854 968 uoque
1899 905 2234 947 causarum
2275 895 2463 950 ratio-

235 967 425 1032 nibus
489 966 739 1031 Arnulfi
800 965 1120 1030 abdicatio
1183 967 1481 1030 roborata
1498 979 1541 1046 ⁰,
1602 905 1775 1050 ffegat
1828 965 2060 1031 librum
2119 966 2337 1030 domni
2401 978 2464 1032 et

236 1049 753 1138 incomparabilis
808 1051 932 1115 viri
990 1049 1290 1114 Gerberti
1306 1051 1353 1130 d,
1416 1049 1604 1114 huius
1659 1049 1904 1113 Arnulfi
1969 1051 2037 1114 in
2091 1052 2464 1138 episcopatu

238 1137 645 1217 successoris,
691 1135 801 1220 qui
845 1135 1059 1199 omnia
1098 1133 1257 1198 haec
1298 1133 1548 1218 digesta
1589 1136 1935 1216 continens,
1980 1135 2141 1197 mira
2169 1134 2464 1220 eloquen-

236 1222 365 1285 tiae
418 1219 727 1284 suavitate
784 1216 1080 1281 Tulliano
1135 1217 1387 1302 eloquio
1442 1227 1866 1302 comparatur.
1977 1218 2462 1284 Obiectionibus

234 1325 512 1389 namque
556 1312 620 1366 et
654 1301 1192 1386 responsionibus,
1237 1322 1356 1365 con
1403 1301 1798 1366 uestionibus
1828 1310 2020 1386 atque
2052 1302 2462 1386 orationibus,

235 1388 571 1453 invectivis
634 1386 1139 1470 coniecturisque
1196 1394 1260 1448 et
1300 1384 1363 1448 d·
1436 1383 1782 1450 nitionibus
1833 1384 2130 1470 repletus,
2186 1385 2464 1450 luculen-

235 1473 481 1536 tissime
534 1491 611 1533 ac
666 1467 1123 1533 rationabiliter
1175 1469 1496 1555 proponit,
1555 1469 1820 1533 assumit
1875 1479 2068 1554 atque
2127 1469 2462 1536 concludit.

239 1555 368 1636 Qui
408 1576 539 1618 non
582 1552 787 1617 solum
828 1551 1221 1617 sinodalibus
1266 1553 1491 1634 causis,
1550 1551 1662 1616 sed
1705 1561 1905 1618 status
1961 1552 2316 1618 rethoricae
2362 1575 2461 1618 co·

236 1639 689 1726 gnoscentibus
728 1635 1032 1702 utillimus
1074 1635 1360 1702 habetur.

239 1760 337 1824 74.
370 1757 799 1852 *Conquestio
818 1770 842 1800 θ
875 1756 1119 1821 Odonis
1137 1769 1162 1800 θ
1192 1757 1406 1840 apude
1441 1777 1592 1819 suos
1616 1754 1736 1818 de⁰
1757 1754 2054 1820 Miliduni
2082 1758 2594 1843 ereptione0.·f01.
2626 1787 2717 1831 48⁴.

403 1860 655 1925 Interea
668 1859 691 1901 f
765 1859 910 1924 Odo
930 1871 950 1903 1
1026 1880 1239 1922 rerum
1302 1879 1564 1920 suarum
1645 1867 2056 1940 augmentum
2135 1858 2460 1943 querebat.

239 1943 425 2008 Unde
450 1955 513 2008 et
530 1941 705 2028 apud
726 1964 894 2022 suos,
926 1963 1197 2026 quorum
1223 1937 1415 2003 fidem
1443 1938 1870 2004 indubitatam
1897 1941 2152 2016 sciebat,
2185 1951 2461 2006 castrum

236 2027 645 2092 Meledunum
666 2037 689 2071 ²
732 2027 800 2088 in
829 2047 1014 2088 suum
1049 2025 1149 2087 ius
1191 2023 1566 2103 transfundi,
1609 2023 1904 2107 parabat3
1963 2023 2106 2104 sibi,
2148 2025 2215 2086 in
2261 2025 2462 2108 uiens,

236 2113 661 2176 miserrimum
704 2109 857 2191 fore,
900 2107 1072 2206 quod
1115 2107 1182 2169 in
1228 2107 1525 2192 Sequana
1567 2105 1763 2170 fluvio
1806 2107 2207 2171 transmitten
2276 2129 2307 2170 s
2352 2131 2460 2172 ex-

236 2194 539 2261 ercitibus
580 2192 791 2256 nullus
833 2191 956 2255 sib1
998 2191 1298 2254 transitus
1339 2198 1615 2275 pateret;
1660 2189 1828 2254 unde
1871 2200 1933 2254 et
1972 2191 2041 2255 id
2083 2191 2294 2254 animo
2339 2190 2461 2254 sibi

234 2278 555 2358 incidisse,
578 2277 873 2360 quatinus
888 2287 917 2328 g
938 2273 1337 2356 Milidunum,
1362 2274 1534 2358 quod
1557 2283 1652 2338 est
1673 2273 2147 2339 circumfluente
2165 2273 2462 2359 Sequana

234 2362 625 2426 tutissimum
666 2367 731 2424 et
772 2357 1013 2443 duplici
1103 2366 1243 2420 ortu
1284 2357 1599 2442 pervium,
1643 2356 1726 2420 ad
1769 2379 1950 2421 suam
1990 2366 2239 2443 partem
2265 2368 2460 2424 retor-

282 2453 478 2523 ueret,
523 2463 667 2506 cum
708 2442 899 2507 etiam
941 2442 1009 2504 in
1093 2442 1255 2524 igeri
1297 2439 1511 2527 plures
1554 2439 1677 2504 sibi
1715 2449 1936 2526 portus
1973 2450 2295 2526 paterent3
2339 2463 2459 2506 nec

237 2466 317 2590 de
373 2526 675 2611 periuriih
716 2525 996 2589 facinore
1038 2523 1511 2588 formidandum
1527 2573 1544 2604 ,
1611 2546 1755 2588 cum
1807 2523 1964 2588 illud
2018 2526 2146 2588 iam
2199 2523 2282 2588 ab
2335 2547 2459 2589 avo

233 2630 600 2695 possessum
630 2611 713 2674 sit
755 2619 817 2674 et
856 2629 1027 2672 nunc
1052 2629 1181 2672 non
1207 2630 1275 2672 re
1323 2609 1397 2690 is,
1442 2607 1555 2672 sed
1584 2606 1840 2672 alterius
1868 2607 2197 2674 habeatur.
2268 2608 2458 2674 Unde

234 2702 299 2757 et
341 2693 632 2758 omnibus
676 2693 785 2780 qui
826 2691 1017 2757 fidem
1047 2691 1288 2778 sponde
1335 2700 1444 2756 ant
1486 2690 1968 2756 accelerandum
1999 2692 2325 2776 suadebat,
2367 2703 2456 2775 ut,

236 2799 636 2864 quacumque
676 2777 918 2842 ratione
960 2775 1263 2858 valerent,
1307 2775 1389 2839 ad
1432 2776 1532 2839 sui
1577 2774 1930 2840 dominium
1971 2776 2398 2842 transferrent.

298 2895 397 2960 75.
482 2896 808 2962 Inductioi
852 2895 963 2960 abi
1005 2895 1213 2981 legato
1260 2894 1503 2961 Odonis
1546 2897 1640 2959 ini
1685 2895 2007 2982 presidem
2049 2895 2404 2962 Milidunii..

402 2999 584 3062 Tunc
638 3021 897 3063 suorum
937 3020 1103 3061 unus
1147 2999 1335 3062 castri
1376 2997 1695 3084 presidem
1737 3009 1980 3085 petens,
2029 2999 2458 3064 firmissimam

232 3083 577 3147 amicitiam
643 3082 897 3146 simulat
967 3081 1290 3167 fidemque
1352 3080 1618 3146 multam
1680 3081 2030 3167 pollicetur.
2141 3083 2331 3163 Quod
2395 3092 2460 3148 ct

228 3166 547 3250 utrimque
590 3174 985 3231 sacramento
1030 3187 1186 3230 mox
1226 3166 1550 3230 firmatum
1591 3165 1724 3230 fuit.
1809 3166 2263 3252 Presidemque
2305 3167 2456 3230 affa-

228 3261 351 3331 tus,
398 3251 573 3314 cuius
616 3249 881 3315 antehac
924 3258 1197 3314 castrum
1240 3250 1449 3331 fuerit,
1495 3251 1761 3346 quaerit.
1845 3247 1996 3331 Ille,
2025 3251 2204 3312 cuius
2245 3248 2456 3330 fuerit,

228 3354 358 3396 non
400 3333 639 3398 abnuit.
722 3334 851 3399 Iste
908 3355 1188 3419 quoque:
1256 3335 1457 3415 ‘Quo',
1513 3333 1738 3417 mquit,
1798 3331 2037 3396 ‘ordine
2079 3331 2163 3394 ad
2204 3354 2272 3396 re
2319 3333 2456 3394 ium

227 3417 329 3482 ius
372 3417 707 3482 accessit’?
775 3416 891 3482 Ille
981 3439 1191 3502 uoque
1232 3416 1405 3482 idem
1446 3415 1870 3500 prosequitur.
1941 3414 2030 3479 Et
2068 3417 2217 3480 iste:
2262 3422 2278 3456 ‘
2339 3417 2457 3496 ur',

227 3501 453 3586 inquit,
504 3500 739 3566 ‘Odoni
778 3439 1188 3588 prei1i³djtium
1230 3500 1320 3581 fit,
1380 3520 1524 3562 cum
1582 3499 2041 3607 sepenumerok
2098 3498 2280 3563 reddi
2332 3499 2454 3564 sibi

229 3585 500 3668 petierit,
545 3595 608 3651 et
643 3607 711 3650 se
750 3585 1013 3648 inferior
1056 3606 1131 3648 eo
1167 3603 1335 3648 nunc
1373 3583 1653 3668 potiatur
1677 3582 1711 3646 ‘2
1809 3583 2186 3664 ‘Quoniam',
2227 3583 2456 3669 inquit,

232 3669 319 3733 ‘id
362 3670 501 3767 regi
559 3670 652 3734 sic
705 3671 917 3733 visum
970 3671 1101 3733 est'.
1187 3667 1274 3730 Et
1326 3668 1474 3730 iste:
1545 3666 1878 3749 ‘Putasne',
1932 3666 2169 3763 inquit,
2228 3668 2454 3752 ‘ipsam

229 3751 650 3818 Divimtatem
691 3774 819 3818 non
863 3751 1116 3833 offendi,
1174 3772 1319 3814 cum
1362 3757 1609 3813 mortuo
1667 3759 1846 3835 patre
1887 3747 2168 3836 puplllus
2209 3751 2453 3835 absque

350 3941 396 3993 a)
422 3948 525 3993 poet
554 3945 655 3988 aad.
786 3940 835 3994 b)
867 3943 913 3982 d.
944 3942 1005 3981 sit
1037 3943 1077 3982 1.
1217 3938 1259 3992 c)
1292 3951 1329 3980 r.
1363 3943 1423 3980 sit
1453 3942 1491 3981 1.
1632 3937 1680 3991 d)
1714 3939 1766 3980 G.
1797 3951 1832 3979 ο.
1967 3937 2011 3990 e)
2045 3939 2126 3993 00,
2167 3937 2378 3994 O(d0n1s)
2413 3949 2456 3991 a,

231 4001 304 4052 de,
337 4011 415 4042 ere
446 4003 559 4042 absc.
634 4001 672 4052 f)
699 4002 797 4042 Nec
824 4001 970 4042 multo
1000 4001 1103 4050 post
1132 3997 1186 4040 Ο.
1220 4001 1262 4050 1,
1292 3999 1459 4038 duobus
1488 3998 1710 4037 vocabulis
1731 4003 1834 4048 post
1863 3997 1902 4039 Ο
1933 3997 2104 4038 crucia*
2174 3997 2222 4049 g)
2255 3998 2377 4046 quod
2409 4001 2452 4040 1.

229 4057 279 4111 h)
310 4061 491 4110 peccati
523 4063 563 4104 1.
680 4059 715 4113 i)
746 4061 818 4112 In,
849 4061 919 4109 ab,
951 4061 1015 4108 in,
1046 4059 1083 4098 11
1112 4058 1223 4100 abac.
1342 4056 1393 4110 k)
1425 4059 1525 4098 sine
1557 4057 1694 4098 dubio
1729 4059 1770 4099 1.

34 4223 36 4226 ι
383 4193 437 4256 1)
479 4191 560 4242 cf.
602 4208 649 4244 c.
685 4194 775 4244 40.
956 4191 1011 4256 2)
1049 4190 1259 4254 Melun3
1302 4191 1369 4241 cf.
1408 4191 1592 4242 Vitam
1630 4189 1942 4255 Burchardi,
1981 4191 2073 4258 qui
2108 4189 2451 4244 Meledunum

33 4249 46 4438 ἱ
232 4263 301 4315 ab
339 4265 573 4330 Hugone
608 4269 901 4334 receperat,
938 4265 1113 4331 Bouq.
1149 4265 1217 4328 X,
1256 4281 1308 4330 p.
1348 4265 1474 4315 354.
2438 4302 2444 4305 -

1828 4349 1949 4410 11*
