3059 4834
635 261 705 312 28
1158 260 1465 312 RICHERI
1502 260 2006 312 HISTORIARUM
2041 261 2262 311 LIBER
2299 262 2346 313 Ι.

517 447 779 493 astarum
824 427 1267 492 collectoruma
1308 450 1628 509 numeruS,
1677 437 1749 490 ut
1788 426 2000 504 fertur,
2046 428 2158 490 vix
2199 429 2268 490 in
2297 427 2557 491 decem*
2600 425 2862 492 milibus

638 511 999 597 putabatur.
1085 511 1173 574 Et
1230 521 1462 592 tamen,
1526 512 1595 574 in
1659 520 1966 596 quantum
2028 513 2308 596 perspici
2371 510 2586 594 valuit,
2648 511 2861 576 nullus

638 595 941 660 militiaeb
992 596 1244 680 ineptus
1287 595 1604 659 admissus
1647 605 1760 659 est.
1848 594 2088 660 Omnes
2144 617 2406 680 corpore
2458 595 2738 659 valentes
2793 606 2863 660 et

632 701 769 743 non
844 681 1079 742 inertes
1153 701 1446 764 pugnae,
1535 700 1878 764 omnesque
1945 681 2013 741 in
2075 680 2394 742 tirannum
2462 681 2794 744 unanimes
2811 693 2856 743 ⁰.

640 763 763 826 His
792 785 909 826 rex
940 765 1415 848 circumsethS,
1459 763 1620 847 per‘1
1651 761 2084 827 Condrucium
2102 775 2122 809 1
2153 763 2682 849 Hasbaniumque
2757 785 2858 827 ro-

642 847 812 911 cedit
872 850 938 910 in
1002 846 1266 910 hostem.
1365 847 1803 931 Ereptumque
1867 869 2134 932 regnum
2195 849 2570 932 irrumpenS,
2638 869 2704 910 se
2753 870 2860 911 em

638 932 882 1014 regiam
923 930 1287 995 Atiniacum
1331 930 1581 1015 pridem
1626 953 1806 994 suam
1847 930 2216 1015 ingreditur.
2303 931 2530 1016 Ibique
2573 930 2859 1016 aliquan-

638 1016 839 1100 tisper
879 1023 1172 1100 reparato
1217 1016 1516 1096 exercitu,
1560 1015 1628 1076 in
1669 1014 2103 1078 adversarium
2144 1014 2425 1078 fertur**.

414 1107 498 1148 101·
532 1107 622 1152 11‘·
806 1099 907 1162 45.
998 1099 1265 1162 *Factus
1318 1119 1468 1161 vero
1523 1099 1771 1162 tiranno
1825 1099 2104 1183 propior,
2159 1100 2508 1162 exercitum
2572 1099 2658 1162 ad
2711 1121 2856 1162 con—

410 1203 515 1245 1un.
550 1203 927 1267 agressum
1005 1181 1284 1263 ordinat,
1372 1182 1539 1246 6000
1622 1181 2027 1246 robustorum
2110 1185 2498 1266 premittens,
2604 1183 2857 1262 Quibus

638 1267 830 1329 etiam
861 1267 1070 1330 virum
1105 1265 1534 1330 consularem⁰
1567 1268 1822 1329 nomine
1851 1265 2221 1330 Fulbertum
2253 1266 2481 1330 ducem
2511 1269 2852 1332 constituit.

640 1347 725 1413 Se
768 1351 980 1447 ipsum
1031 1371 1181 1414 vero
1228 1359 1499 1434 quatuor
1510 1351 1597 1380 ***
1639 1349 1896 1413 milibus
1950 1352 2440 1434 circumseptum
2493 1349 2854 1415 labentibus

682 1435 861 1496 rim1s
906 1433 1361 1497 subventurum
1404 1433 1685 1518 deputat.
1772 1435 2118 1519 Postquam
2161 1443 2372 1498 autem
2415 1456 2531 1519 per
2573 1435 2854 1519 singulas

632 1455 917 1600 {egiones
974 1516 1331 1580 discurrens
1383 1518 1724 1602 precipuos
1779 1520 2101 1603 quosque†
2155 1517 2423 1582 multum
2476 1518 2714 1604 diuque
2767 1519 2850 1582 ad

636 1602 769 1664 vim
811 1599 963 1662 belli
991 1600 1273 1663 hortatus
1304 1610 1415 1675 est,
1461 1602 1799 1664 instructos
1832 1601 2082 1665 ordines
2123 1601 2410 1685 plurimis
2453 1602 2848 1666 suasionibus

636 1684 927 1764 incitans,
971 1683 1056 1746 ad
1082 1682 1293 1746 locum
1322 1683 1435 1748 ubi
1464 1684 2005 1768 congrediendum
2035 1694 2170 1749 erat
2199 1686 2474 1750 deducit.
2552 1686 2852 1750 Axonam

635 1788 788 1831 vero
818 1766 1082 1831 fluvium
1121 1777 1538 1847 transmeam,
1579 1768 1663 1831 ad
1702 1768 1927 1833 urbem
1959 1769 2402 1834 Suessonicam
2445 1770 2665 1834 tendit.
2751 1770 2853 1834 Ibi

636 1852 869 1914 etenim
899 1853 1182 1914 tirannus
1213 1853 1427 1936 copias
1460 1851 1815 1936 collegerat.
1905 1851 2103 1917 Cuius
2134 1876 2257 1938 quo
2305 1877 2384 1918 ue
2429 1855 2743 1918 exercitus
2785 1856 2853 1918 in

635 1934 845 2000 20000
900 1934 1298 1999 consistebat.
1390 1934 1555 2000 Cum
1605 1958 1757 2020 ergo
1806 1936 2082 2001 Karolus
2132 1961 2247 2001 rex
2345 1937 2463 2001 ello
2513 1938 2854 2024 prudentia

633 2019 1043 2102 intenderetf,
1100 2020 1545 2105 episcoporum
1597 2022 1935 2085 instinctua
1978 2021 2370 2120 aliorumque
2413 2021 2852 2106 religiosorum

632 2105 913 2167 virorum
960 2104 1068 2188 qui
1112 2102 1234 2166 sibi
1278 2103 1657 2168 assistebant
1699 2116 1911 2169 actum
1955 2115 2051 2169 est
2063 2117 2110 2186 8,
2163 2115 2234 2169 ut
2274 2129 2412 2191 ipse
2455 2129 2572 2169 rex
2614 2106 2852 2170 bellum

632 2209 762 2250 non
803 2187 1253 2271 ingrederetur,
1297 2211 1377 2250 ne
1418 2187 1578 2251 forte
1621 2190 1688 2251 in
1729 2211 1939 2252 rerum
1984 2189 2347 2253 confusione
2388 2189 2616 2275 regalis
2663 2192 2852 2276 stirps

636 2293 710 2335 eo
739 2269 917 2356 lapso
950 2281 1434 2336 consumeretur.
1518 2271 1599 2335 Id
1641 2274 1833 2336 etiam
1877 2274 2070 2337 duces
2113 2284 2175 2338 et
2217 2274 2446 2337 milites
2491 2285 2850 2358 coegerunt.

634 2354 740 2418 Ab
799 2355 1092 2419 omnibus
1148 2377 1299 2439 ergo
1356 2365 1638 2438 eoactUS,
1707 2367 1976 2442 quatuor
1987 2361 2040 2400 Η
2095 2357 2370 2438 milibus,
2426 2357 2657 2443 quibus
2711 2361 2850 2445 ipse

636 2440 1092 2523 circumseptus
1132 2439 1485 2520 incedebat,
1526 2442 1735 2504 virum
1778 2441 2211 2505 consularemh
2244 2442 2670 2525 Hagraldumi
2713 2466 2848 2527 pre-

632 2523 781 2586 ficit.
868 2523 1176 2587 Hortatur
1236 2545 1387 2586 vero
1452 2523 1817 2607 plurimum,
1881 2534 1951 2588 ut
2011 2525 2137 2588 Dei
2153 2527 2182 2567 ¹¹
2234 2536 2476 2589 tantum
2540 2527 2849 2590 auxilium

632 2604 1000 2690 implorent3
1044 2605 1201 2668 nihil
1231 2607 1321 2668 eis
1352 2608 1780 2689 metuendum,
1823 2607 1981 2671 nihil
2010 2608 2090 2671 de
2119 2611 2382 2673 victoria
2412 2609 2847 2690 diffidendum,

634 2711 1011 2753 memorans
1099 2690 1306 2773 Regni
1362 2693 1797 2774 pervasorem¹
1853 2713 2104 2777 quoque
2159 2694 2271 2756 vix
2334 2715 2461 2756 uno
2526 2701 2844 2758 momento

634 2771 1027 2854 duraturum,
1072 2772 1422 2836 asserebat:
1470 2773 1691 2854 ‘Cum',
1736 2776 2047 2860 inquienS,
2095 2776 2291 2839 ‘Deus
2332 2777 2698 2841 huiusmodi
2739 2778 2848 2842 ab-

632 2856 991 2920 hominetur
1034 2866 1096 2920 et
1137 2856 1311 2942 apud
1356 2879 1500 2920 eum
1548 2857 1754 2921 nullus
1799 2859 2136 2944 superbiae
2178 2859 2352 2924 locus
2382 2862 2480 2942 sit,
2527 2862 2849 2946 quomodo

634 2939 844 3021 stabit,
889 2962 1079 3025 quem
1121 2942 1259 3025 ipse
1302 2962 1431 3003 non
1472 2942 1720 3005 munit?
1764 2943 2081 3027 quomodo
2125 2955 2427 3028 resurget,
2474 2967 2663 3030 quem
2709 2948 2850 3030 ipse

630 3024 1091 3108 precipitat'm?
1175 3024 1262 3087 Et
1299 3034 1447 3110 post
1484 3024 1642 3089 haec
1683 3048 1826 3089 oum
1856 3028 2174 3112 episcopis
2212 3030 2490 3114 virisque
2534 3029 2850 3114 religiosis

633 3109 743 3192 qui
786 3108 1051 3172 aderant
1102 3117 1382 3172 montem
1435 3107 1575 3173 loco
1632 3112 1995 3195 oppositum
2050 3113 2434 3194 conscendit,
2489 3112 2600 3176 ubi
2655 3115 2852 3178 etiam

560 3262 567 3272 Δ
631 3201 727 3254 est
757 3191 1023 3256 basilica
1051 3192 1275 3256 beatae
1308 3192 1669 3257 Genovefae
1698 3195 1962 3280 virginis
1989 3195 2319 3278 dedicata,
2361 3206 2655 3261 eventum
2699 3197 2852 3262 belli

627 3275 777 3340 inde
808 3286 1200 3361 experturus,
1271 3276 1521 3340 Interea
1549 3279 1814 3341 iunctim
1841 3279 2129 3363 procedit
2156 3282 2467 3344 exereitus
2498 3290 2560 3345 et
2587 3303 2852 3366 magna-

774 3408 823 3477 *)
862 3414 1095 3478 quinque
1134 3429 1265 3463 corr.
1305 3413 1401 3464 VI.
1440 3429 1576 3462 corr.
1613 3414 1681 3463 X.

749 3483 823 3550 **)
860 3486 1103 3536 Axonam
1141 3502 1267 3536 vero
1307 3487 1524 3538 fluvium
1563 3491 1907 3550 transmeans,
1945 3489 2000 3537 in
2031 3489 2214 3539 urbem
2244 3489 2617 3540 suessonicam
2657 3490 2852 3542 tendit.

864 3559 951 3608 Ibi
988 3559 1184 3609 etenim
1220 3560 1459 3610 tirannus
1500 3559 1788 3610 exercitum
1830 3560 2122 3627 collegerat
2160 3562 2262 3612 del.

724 3627 822 3694 ***)
864 3631 1066 3682 duobus
1106 3649 1239 3682 corr.
1279 3633 1417 3683 IIII.

772 3701 821 3768 †)
862 3703 1169 3827 de·1·mssitic⁹i
1220 3711 1273 3756 et
1321 3705 1495 3793 famae
1546 3703 1716 3771 gloria
1773 3708 2111 3774 priorumque
2169 3707 2446 3758 nobilitate
2507 3715 2560 3759 et
2617 3707 2854 3760 filiorum

747 3845 825 3914 ††)
863 3783 1091 3900 32¹3?
1110 3778 1259 3901 οοῖξί]
1280 3779 1517 3902 fiiffm
1555 3780 1609 3830 δ’
1638 3785 1764 3844 ΡΜ
1803 3780 1932 3830 add'

742 3956 786 4010 a)
813 3963 915 4008 poet
944 3959 1046 3998 add.
1164 3958 1212 4011 b)
1244 3971 1429 4010 pugnae
1459 3973 1572 4001 corr.
1604 3963 1811 4002 militiae.
1915 3961 1956 4015 c)
1990 3963 2204 4002 Procedit
2233 3964 2390 4011 itaque
2421 3975 2504 4004 rex
2533 3963 2611 4004 del.
2723 3961 2772 4014 d)
2809 3977 2856 4015 p.

624 4017 675 4058 O.
708 4018 764 4056 H.
799 4029 843 4067 p.
876 4019 924 4056 in
954 4029 1089 4066 mara.
1240 4017 1284 4071 e)
1316 4031 1361 4062 11.
1393 4031 1433 4060 c.
1476 4022 1568 4064 cod.
1715 4019 1755 4072 s)
1789 4031 1826 4062 r.
1868 4022 1916 4060 in
1958 4023 2190 4062 tirannum
2235 4026 2390 4063 rueret
2432 4034 2544 4064 corr.
2583 4027 2632 4061 ut
2675 4024 2851 4066 editum.

623 4073 671 4126 g)
702 4075 791 4116 hoe
820 4077 899 4115 del.
1017 4077 1065 4128 h)
1098 4089 1142 4118 u.
1174 4088 1211 4119 e.
1246 4080 1335 4121 cod.
1454 4077 1489 4131 i)
1522 4081 1684 4120 ducem
1715 4081 1792 4120 del.
1923 4078 1971 4131 k)
2003 4081 2142 4120 eorda
2173 4081 2230 4120 ad
2259 4082 2410 4121 Deum
2443 4083 2626 4122 elevent
2657 4083 2857 4132 eiusque

623 4144 665 4174 a.
698 4146 811 4176 corr.
844 4140 893 4174 uc
924 4136 1095 4176 editum.
1215 4135 1249 4190 1)
1284 4139 1540 4179 Tirannum
1581 4151 1693 4180 corr.
1727 4139 1781 4182 R.
1815 4150 1858 4188 Ρ.
1977 4138 2041 4190 111)
2074 4150 2168 4179 11011
2215 4142 2352 4188 erigit
2393 4152 2509 4182 corr.
2554 4151 2623 4191 pr.

772 4229 827 4298 1)
869 4230 1127 4283 Condroz.
