3059 4834
757 240 1067 292 RIGHERI
1104 241 1610 294 HISTORIARUM
1647 243 1870 294 LIBER
1907 244 1980 294 ΙΙ.
2431 245 2504 294 75·

421 409 520 474 72.
585 408 983 493 Responsioa
1026 407 1301 471 Marini³¹
1346 408 1718 472 Romanaea
1759 408 1973 474 sedisa
2014 408 2346 494 legatia-b.

430 510 538 574 Ad
580 508 739 574 haec
780 507 1055 573 domnus
1096 509 1403 592 Marinus,
1441 519 1701 574 sanctae
1744 510 2072 576 Romanae
2115 512 2284 577 sedis
2327 513 2496 577 vica-

258 595 431 656 rius:
498 592 821 678 ‘Optime’,
878 593 1103 678 inquit,
1163 599 1372 678 ‘atque
1414 592 1652 658 utiliter
1703 593 1898 658 frater
1953 617 2030 659 ac
2071 598 2496 682 coepiscopus

258 675 610 742 Rotbertus
653 699 868 741 rerum
922 677 1152 740 seriem
1209 679 1428 741 tenuit.
1522 678 1781 742 Etenim
1839 699 1985 742 cum
2027 679 2276 744 divinas
2318 678 2496 765 leges

257 760 560 825 humanis
617 759 1076 847 preponendas
1146 761 1285 846 ipse
1360 770 1735 847 pernoscat,
1811 762 2211 828 considerata
2279 775 2496 830 tamen

256 867 477 908 rerum
540 845 812 927 fortuna,
877 845 1092 930 regiae
1108 856 1133 886 ⁰
1197 844 1648 910 dominationis
1717 846 2059 931 imperium
2121 857 2268 912 ante
2329 849 2498 912 dixit

256 927 771 1011 restaurandum,
814 937 903 1011 ut,
938 929 1073 991 eius
1101 929 1168 992 vi
1216 950 1323 992 ore
1353 928 1624 1008 firmat0,
1653 930 1917 1014 eiusque
1945 933 2233 1028 potentia
2259 931 2498 995 utiliter

256 1013 574 1094 restituta,
620 1013 756 1077 eius
798 1020 945 1097 post
983 1010 1187 1075 libera
1213 1014 1361 1077 'tate
1405 1012 1814 1078 ecclesiarum
1856 1014 1984 1077 Dei
2033 1013 2238 1079 honor
2279 1036 2496 1079 conse-

260 1105 535 1180 quenter
576 1100 946 1178 *recrescat3
992 1097 1126 1159 eius
1216 1098 1524 1161 atrocinio
1569 1106 1814 1181 agente,
1879 1098 2083 1162 virtus
2102 1103 2107 1109 '
2125 1099 2311 1163 bonis
2356 1099 2494 1184 qui-

257 1178 513 1278 busque
542 1178 781 1246 redeat.
870 1178 1062 1260 Quod
1090 1118 1331 1244 utIlDeo
1362 1190 1679 1244 annuente
1722 1181 1859 1244 fieri
1905 1192 2114 1266 queat,
2159 1183 2454 1268 inprimis
2469 1183 2498 1225 ἅ

257 1263 585 1328 audlenda
626 1272 820 1350 atque
864 1263 1294 1328 strenuissime
1324 1262 1728 1349 disponenda
1755 1263 2008 1328 videtur
2051 1287 2244 1330 causa
2276 1265 2498 1330 domni

258 1369 347 1412 ac
411 1348 800 1412 serenissimi
855 1349 1026 1433 regis
1042 1394 1057 1420 ,
1110 1347 1163 1409 si
1225 1347 1293 1412 id
1402 1369 1614 1434 uoque
1670 1349 1869 1412 vestri
1925 1349 2144 1413 iudicii
2205 1351 2498 1435 paciatur

259 1433 569 1496 censura’.
657 1430 957 1515 Synodus
1001 1430 1193 1494 dixit:
1238 1430 1363 1495 ‘Au
1410 1433 1612 1496 iatur’.

322 1552 420 1616 73.
487 1550 915 1636 Conquestio⁰
958 1549 1309 1650 Ludovicie
1353 1553 1568 1637 regis⁰
1613 1550 1786 1651 apud
1831 1550 2133 1617 Ottonem
2177 1565 2440 1638 regem⁰

1016 1644 1080 1699 et
1120 1635 1455 1699 smodume
1498 1657 1682 1721 regni
1693 1649 1737 1700 θ.

436 1737 617 1801 Tunc
664 1759 783 1800 rex
834 1737 1201 1802 Ludovicus
1258 1737 1375 1802 abf
1426 1736 1682 1802 Ottonis
1739 1740 1908 1824 regis
1956 1739 2153 1803 latere
2206 1760 2493 1824 surgenS‚

260 1819 493 1886 stando
536 1822 841 1907 conqueri
868 1820 1333 1884 modestissime
1362 1821 1640 1905 petebat.
1706 1823 1795 1887 At
1834 1833 2096 1907 rogatus
2126 1822 2208 1887 ab
2248 1821 2494 1904 sinod0,

259 1905 632 1969 huiusmodi
672 1904 958 1969 residens
1003 1903 1224 1968 effudit
1277 1904 1602 1990 querelam
1617 1918 1674 1968 ¹:
1759 1907 2072 1989 ‘Quanto’,
2137 1907 2432 2003 inquiens
2445 1917 2494 1986 8,

262 1989 583 2074 ‘Hugonis
635 1989 945 2052 instinctu
998 1996 1363 2073 quantoque
1407 1989 1544 2052 eius
1601 1987 1882 2073 impulsu
1934 2010 2237 2075 conquen
2281 2010 2497 2072 cogor,

259 2074 444 2138 testis
489 2082 585 2137 est
626 2071 750 2154 ille,
806 2072 1011 2134 cuius-
1044 2071 1251 2154 gratia
1299 2093 1418 2134 vos
1474 2070 1580 2134 hic
1635 2083 2056 2157 congregatos
2115 2070 2308 2157 paulo
2352 2081 2499 2135 ante

257 2155 536 2221 relatum
580 2165 695 2219 est.
780 2155 975 2218 Pater
1015 2155 1174 2235 eius,
1218 2163 1290 2217 ut
1332 2177 1371 2218 a
1412 2155 1730 2239 principio
1775 2155 2090 2236 exordiar,
2145 2157 2310 2239 patri
2353 2176 2498 2218 meo

258 2261 539 2324 regnum
581 2238 891 2318 invidens,
939 2236 1091 2299 dum
1136 2238 1196 2300 ei
1238 2236 1413 2300 domi
1441 2237 1830 2324 militiaeque
1861 2240 2188 2303 servitium
2220 2237 2497 2322 deberet,

259 2343 466 2406 regno
536 2319 715 2384 illum
778 2321 1141 2384 immaniter
1204 2322 1479 2405 privavit
1545 2323 1648 2386 et¹¹
1713 2344 1913 2407 usque
1977 2322 2061 2386 ad
2123 2323 2291 2386 vitae
2357 2324 2495 2386 eius

266 2405 615 2489 suprema11
657 2403 973 2490 ergastulo
991 2405 1021 2446 ¹¹
1062 2403 1419 2468 inclusumh
1464 2407 1744 2470 servavit
1758 2407 1808 2468 ¹¹.
1883 2406 1990 2471 Me
2030 2428 2184 2471 vero
2221 2428 2496 2491 parvum

263 2489 341 2550 in
367 2487 668 2553 fasciculo
697 2489 1035 2572 farraginis
1066 2511 1105 2550 a
1122 2499 1153 2541 ἔ
1179 2489 1336 2552 meis
1360 2500 1391 2542 ἔ
1417 2488 1906 2568 dissimulatum,
1949 2492 2019 2553 in
2095 2497 2262 2554 artes
2293 2499 2493 2554 trans-

260 2573 547 2635 marinas
592 2582 656 2637 et
696 2593 899 2657 prope
941 2572 1008 2634 in
1048 2571 1266 2635 Rifeos
1308 2571 1562 2658 fugerei
1624 2571 1948 2658 compulit.
2107 2583 2240 2638 atre
2283 2583 2497 2638 autem

262 2655 551 2719 extincto
568 2657 597 2698 k
630 2665 692 2720 et
722 2657 921 2719 me‘in
954 2654 1217 2718 exilium
1247 2654 1601 2740 deportatO,
1631 2658 1768 2739 iste,
1810 2678 1953 2720 cum
1984 2658 2498 2722 reminisceretur

262 2740 369 2802 sui
409 2741 629 2824 patriS,
686 2740 768 2804 ob
813 2737 1215 2803 insolentiam
1272 2740 1604 2822 interfecti,
1662 2742 1844 2826 regni
1895 2763 2115 2805 curam
2173 2742 2497 2826 suscipere

259 2822 665 2887 formidabat.
754 2821 991 2886 Nobis¹
1049 2825 1264 2921 itaque
1322 2823 1619 2888 invidens
1636 2873 1652 2906 ,
1695 2823 2041 2889 Rodulfum
2059 2838 2100 2868 ¹¹¹
2155 2826 2495 2911 promovit.

263 2906 402 2970 Sed
431 2907 749 2971 Divinitas
791 2927 893 2969 res
922 2905 1090 2969 illius
1122 2916 1285 2971 slcut
1314 2917 1375 2972 et
1404 2915 1617 2972 cetera
1646 2908 2093 2991 determinans,
2142 2912 2200 2974 ei
2239 2907 2496 2995 quando

258 2988 470 3055 voluit
528 2989 722 3054 finem
779 2989 1092 3074 regnandi
1146 2989 1340 3055 dedit.
1440 2991 1620 3055 Dum
1675 2993 1828 3056 item
1885 3015 2155 3078 regnum
2219 3000 2494 3073 vacaret,

261 3073 527 3138 consilio
570 3073 887 3138 bonorum
934 3095 1037 3137 me
1090 3097 1131 3138 a
1170 3073 1459 3159 partibus
1511 3077 1866 3161 peregrinis
1911 3076 2276 3141 exulantem
2318 3096 2498 3140 revo-

262 3159 436 3222 cavit
478 3179 554 3221 ac
596 3159 880 3220 omnium
925 3157 1287 3222 conibentia
1327 3160 1395 3222 in
1436 3181 1705 3244 regnum
1748 3161 2088 3245 promovit,
2132 3158 2291 3223 nihil
2339 3159 2498 3222 mihi

258 3250 478 3339 preter
505 3240 888 3305 Laudunum
915 3239 1295 3327 relinquens.
1346 3244 1811 3330 Promotusque
1843 3264 1990 3306 cum
2035 3265 2112 3306 ea
2141 3263 2306 3328 quae
2334 3242 2498 3325 regii

254 3325 421 3388 iuris
490 3324 874 3390 videbantur
941 3336 1226 3410 repetere
1302 3327 1556 3408 niterer,
1628 3326 1695 3390 id
1766 3325 2162 3390 invidissime
2232 3323 2494 3388 ferebat.

170 3488 176 3491 ἱ
257 3408 503 3474 Factus
548 3432 697 3494 ergo
740 3409 1010 3474 latenter
1050 3409 1475 3490 adversariuS,
1528 3410 1792 3491 amicos,
1837 3409 1893 3471 si
1937 3430 2096 3493 quos
2154 3405 2494 3490 habebam,

313 3493 554 3556 ecuniis
599 3493 1026 3574 subvertebat,
1080 3494 1375 3556 inimicos
1432 3495 1503 3555 in
1563 3490 1779 3555 odium
1835 3489 2110 3577 amplius
2167 3490 2494 3556 incitabat.

258 3513 576 3657 Eandem,
620 3587 887 3662 urgente
928 3577 1190 3658 invidia,
1236 3573 1410 3660 apud
1452 3576 1694 3660 piratas
1754 3575 1906 3723 egit,
1956 3585 2030 3639 ut
2085 3573 2167 3639 ab
2213 3575 2304 3639 eis
2347 3573 2495 3640 dolo

260 3681 557 3746 caperer3
609 3682 881 3746 regnum
937 3662 1005 3723 in
1064 3682 1131 3725 se
1173 3680 1363 3744 posse
1418 3657 1674 3722 refundi
1723 3681 1796 3723 ar
1841 3659 2057 3742 itrans,
2117 3661 2172 3723 si
2229 3657 2296 3723 id
2355 3659 2496 3722 fieri

260 3744 655 3829 contigisset.
762 3743 899 3829 Nec
939 3743 1140 3808 defuit
1180 3742 1429 3806 insidiis
1473 3742 1756 3808 effectus.
1857 3740 2101 3828 Captus
2144 3744 2238 3808 fui
2283 3763 2496 3807 carce-

384 3869 429 3923 a)
477 3873 659 3922 pensio,
706 3871 773 3923 ni,
821 3869 908 3920 Ro,
953 3870 1092 3922 sedis,
1137 3871 1172 3910 ti
1217 3869 1331 3910 abac.
1481 3866 1528 3919 b)
1575 3869 1740 3908 vicarii
1787 3870 1828 3909 1.
1979 3867 2022 3920 c)
2056 3877 2162 3924 regg
2191 3879 2305 3909 corr.
2353 3868 2500 3925 regi?-

261 3929 313 3981 d)
345 3934 449 3971 ratu
471 3929 529 3985 (ἲ)
562 3932 610 3971 di
638 3929 821 3975 aci-ibere
852 3934 1057 3978 coeptum.
1164 3926 1208 3979 e)
1228 3927 1359 3979 estio,
1378 3928 1434 3980 ci,
1451 3928 1592 3980 regis,
1609 3938 1714 3976 gem
1735 3931 1794 3980 et,
1815 3939 1876 3980 m,
1893 3929 1910 3967 i
1927 3927 2038 3968 abac.
2147 3926 2182 3979 f)
2215 3937 2244 3966 a
2267 3926 2303 3968 1.
2321 3925 2374 3970 Ο.
2398 3936 2434 3965 ι·.
2455 3929 2497 3968 1.

260 3987 311 4040 g)
338 3995 441 4038 post
470 3990 569 4029 add.
720 3986 769 4038 h)
813 3991 861 4028 et
894 4009 945 4018 -
976 3987 1179 4028 servavit
1206 3987 1255 4026 in
1285 3997 1434 4038 marg„
1467 3997 1558 4038 ma,
1591 3997 1618 4025 o
1649 3987 1792 4039 inclu,
1821 3987 1949 4026 vavit
1978 3985 2090 4027 abac.
2240 3982 2276 4035 i)
2309 3985 2420 4034 ruge
2455 3987 2497 4029 1.

262 4047 315 4098 k)
350 4051 485 4098 capto
517 4051 557 4088 1.
678 4046 714 4100 1)
746 4047 825 4087 del.
858 4051 896 4085 οι
920 4050 1023 4096 pose
1054 4047 1312 4087 restitutum.
1432 4043 1495 4097 m)
1530 4046 1676 4086 alium
1711 4048 1753 4085 1.

416 4140 473 4206 1)
527 4141 609 4193 Cf.
658 4141 949 4193 Flodoard.
996 4157 1049 4194 a.
1094 4141 1221 4206 948,
1269 4159 1323 4208 p.
1364 4141 1490 4194 396.
1589 4141 1788 4208 Aperte
1833 4140 1972 4192 falsa
2020 4155 2054 4192 a
2095 4140 2328 4192 Richero
2379 4141 2498 4206 regi

263 4213 631 4270 obtruduntur.

2515 426 2618 473 948.

2517 1109 2535 1130 ⁸
2547 1125 2594 1165 p.
2613 1113 2716 1157 604.
