3059 4834
672 277 741 324 20
1183 271 1487 324 RICHERI
1524 271 2026 323 HISTORIARUM
2063 272 2282 322 LIBER
2319 272 2365 324 Ι.

670 465 786 528 per
801 440 1374 526 metropolitanum,
1398 439 1741 503 Heinricus
1759 442 1787 472 *
1811 440 1948 522 regi
1972 438 2306 502 deducitur
2334 437 2658 524 multoque
2692 440 2898 504 ambi-

668 527 857 590 tionis
880 525 1115 588 honore
1137 533 1282 588 ante
1305 523 1676 604 admittitur,
1700 544 1775 585 ac
1797 523 1988 588 ambo
2003 533 2030 564 ³
2050 525 2118 586 in
2139 524 2484 587 amicitiam
2506 522 2893 588 federantur.

838 611 939 672 25.
1027 609 1275 690 Quibus
1318 609 1534 692 gestiS‚
1593 605 1936 670 Hilduinus
1958 620 1976 652 ¹
2023 607 2494 692 Tungrensium
2548 607 2894 692 episcopus

672 715 821 758 cum
860 694 937 756 iis
982 694 1091 779 qui
1132 691 1215 757 ab
1259 714 1407 776 rege
1451 691 1813 755 defecerant
1867 693 2261 776 conspirasse
2304 692 2410 753 inb
2467 713 2536 755 re
2584 713 2686 754 em
2743 693 2894 755 insi-

671 776 961 841 mulatur.
1022 777 1310 862 Regique
1352 774 1654 855 infensuS,
1699 775 1782 838 ab
1825 796 1900 838 eo
1941 775 2371 839 insectabatur
2385 787 2428 836 ⁰.
2573 776 2716 838 uius
2761 775 2896 839 odii

672 863 768 925 vis
813 882 887 925 eo
932 883 1132 946 usque
1175 860 1483 945 pervenit,
1529 869 1601 921 ut
1642 858 1985 922 Richerum
2009 860 2038 900 ‘¹
2079 859 2468 922 Prumiensis
2522 861 2892 924 monasterii

669 946 964 1010 abbatem
1055 952 1412 1008 romoveret
1455 952 1518 1006 et
1560 941 1939 1005 Hilduinum
1982 941 2324 1006 abdicaret.
2411 942 2538 1005 Ate
2582 942 2894 1008 Richerus

480 1045 594 1090 *τοι
611 1049 651 1088 9.
670 1027 750 1092 ab
794 1051 945 1114 rege
1034 1037 1286 1108 onatus,
1334 1048 1477 1090 cum
1522 1025 1604 1090 ab
1651 1025 2170 1111 *metropolitano
2215 1025 2606 1090 Herimanno
2624 1037 2650 1067 ἃ
2707 1049 2892 1111 urge-

550 1122 869 1194 921·retu1·,
914 1133 988 1176 eo
1036 1112 1207 1197 quod
1250 1119 1468 1174 contra
1508 1109 1605 1172 fas
1664 1109 1746 1175 ab
1807 1132 1956 1195 rege
2016 1112 2454 1196 episcopatum
2507 1112 2895 1195 suscepisset

670 1219 863 1283 super
906 1218 1083 1276 eum,
1147 1196 1257 1280 qui
1297 1195 1556 1259 tenebat
1610 1196 1844 1279 quique
1888 1193 2058 1258 nulla
2102 1193 2434 1278 culparum
2492 1193 2891 1259 confessione

667 1283 892 1363 victus,
935 1278 1106 1343 nullo
1150 1278 1375 1342 iuditio
1420 1277 1753 1341 damnatus
1797 1288 1992 1360 esset,
2050 1279 2220 1363 regis
2272 1279 2450 1341 iussu
2490 1279 2762 1342 Romam
2804 1279 2890 1344 fe·

670 1365 878 1429 stinat.
964 1364 1059 1426 Ac
1102 1363 1192 1427 ibi
1232 1362 1501 1426 Iohanni
1543 1384 1750 1447 papae
1793 1371 1856 1425 et
1897 1363 2066 1446 regis
2109 1363 2482 1425 sententiam
2539 1372 2601 1426 et
2644 1364 2741 1425 sui
2783 1385 2889 1428 ne-

670 1449 828 1532 gotii
887 1469 1143 1511 causam
1210 1446 1616 1509 demonstrat.
1708 1447 1886 1530 Papa
1952 1448 2020 1508 in
2070 1445 2450 1509 Hilduinum
2507 1444 2890 1510 desertorem

670 1532 1028 1615 indignans,
1072 1528 1153 1593 ab
1200 1529 1407 1594 officio
1450 1551 1596 1592 eum
1641 1535 1747 1593 sus
1797 1529 1970 1593 endit
2023 1550 2100 1591 ac
2159 1529 2554 1593 anathemate
2599 1528 2890 1612 damnat;

671 1614 1012 1678 Richerum
1055 1634 1204 1677 vero
1248 1636 1282 1677 e
1329 1616 1623 1698 iscopum
1669 1634 1740 1676 or
1785 1614 1917 1676 inat
1957 1634 2035 1677 ac
2080 1635 2228 1676 suae
2273 1615 2659 1677 auctoritatis
2702 1614 2888 1679 bene·

673 1698 946 1762 dictione
991 1697 1201 1761 donat.
1354 1719 1467 1762 aec
1526 1695 1680 1759 dum
1725 1699 1817 1761 sic
1859 1719 1898 1758 a
1945 1706 2196 1761 crentur
2213 1744 2229 1777 ,
2291 1697 2632 1760 Hilduinus
2675 1719 2889 1782 prose-

715 1783 887 1845 uitur
898 1782 932 1864 f,
993 1783 1313 1844 incassum
1356 1780 1528 1866 apud
1587 1803 1822 1866 papam
1864 1803 1906 1865 p
1934 1782 2203 1844 urimam
2247 1782 2708 1866 querimoniam
2752 1782 2890 1845 fun-

673 1805 829 1931 dens
898 1887 974 1929 ac
1038 1864 1208 1950 apud
1268 1886 1412 1928 eum
1534 1886 1602 1928 ro
1682 1862 2076 1931 absolutione
2151 1863 2495 1928 admodum
2573 1865 2887 1930 laborans.

674 1950 818 2030 Quo
863 1958 1283 2035 conquerente
1300 1997 1317 2031 ‚
1382 1949 1500 2011 Ric
1547 1970 1689 2012 erus
1744 1948 1907 2012 redit
1961 1969 2037 2011 ac
2097 1947 2310 2013 sedem
2362 1971 2634 2012 vacuam
2676 1952 2887 2014 iussus

669 2033 750 2098 ab
794 2056 863 2098 re
912 2056 945 2097 e
987 2035 1055 2096 in
1133 2032 1355 2097 editur.

835 2118 875 2181 2
923 2167 937 2182 .
1090 2119 1143 2181 is
1185 2118 1275 2180 ita
1303 2138 1440 2180 sese
1467 2115 1867 2196 habentibuS,
1911 2126 2068 2179 rexa
2110 2115 2194 2179 ad
2223 2116 2550 2180 interiores
2587 2117 2888 2202 Belgicae

670 2211 884 2287 partes
925 2202 1045 2265 iter
1086 2209 1423 2286 retorquet.
1515 2199 1743 2285 Ibique
1803 2201 1883 2264 ob
1937 2197 2166 2264 multas
2208 2222 2420 2263 rerum
2475 2223 2638 2286 quae
2693 2223 2890 2265 emer-

673 2294 883 2349 serant
927 2306 1168 2365 causaS‚
1213 2285 1391 2368 regio
1436 2282 1689 2347 decreto
1734 2293 1798 2346 et
1840 2282 2305 2367 metropolitani
2347 2285 2543 2365 iussu,
2587 2284 2885 2349 sinodus²

672 2391 711 2432 a
760 2367 846 2431 ud
904 2366 1304 2432 Trosleium³
1361 2365 1656 2432 habenda
1708 2366 2026 2431 indicitur.
2143 2365 2267 2431 Cui
2333 2367 2554 2432 sinodo
2613 2368 2883 2432 domnus

738 2453 985 2516 eriveus
1038 2450 1347 2538 presedit,
1404 2473 1554 2535 rege
1614 2472 1864 2548 quoque
1918 2448 2154 2514 ibidem
2255 2450 2568 2515 residente
2583 2462 2627 2516 ⁴.
2711 2453 2884 2518 Ubig

672 2557 863 2621 quam
918 2534 1209 2621 plurimis
1262 2556 1425 2620 quae
1492 2532 1755 2598 utilhma
1811 2534 1950 2598 visa
2003 2545 2148 2598 sunt
2247 2536 2660 2617 eterminatiS,
2713 2538 2920 2620 regis·

670 2620 1033 2683 interventu
1086 2620 1189 2682 eth
1239 2620 1682 2704 episcoporum
1742 2617 1851 2702 qui
1903 2616 2126 2681 sinodo
2179 2618 2516 2683 interfuere
2570 2641 2884 2684 consensu

673 2701 944 2765 domnus
1032 2701 1347 2766 Heriveus
1434 2698 1952 2784 metropolitanus
2039 2700 2449 2767 Erlebaldum
2528 2704 2882 2789 predictum

672 2784 1169 2850 Castricensium
1193 2784 1488 2849 comitem
1516 2785 1581 2848 ai
1610 2782 1862 2849 vinculo
1898 2787 2570 2850 excommunicationis
2592 2786 2882 2853 absolvit.

668 2869 771 2934 Ibi
834 2870 1025 2934 etiam
1065 2867 1339 2933 Rodulfo
1393 2868 1913 2933 Laudunensium
1977 2869 2275 2954 episcopo
2331 2869 2657 2953 defunctO,
2716 2871 2883 2937 Ade-

437 2972 516 3025 ’μ
549 2951 967 3018 mlelmum*
1034 2951 1315 3018 eiusdem
1381 2953 1594 3016 urbis⁵
1648 2952 2108 3016 thesaurarium
2171 2953 2366 3019 multo
2441 2956 2879 3042 episcoporum

670 3059 982 3102 consensu
1022 3036 1104 3100 ab
1148 3058 1298 3122 rege
1341 3036 1643 3101 donatum
1686 3034 2115 3123 sollempniter
2156 3039 2423 3102 ordinat.

836 3121 937 3185 27.
1022 3120 1143 3183 His
1184 3142 1485 3206 prospere
1528 3130 1592 3185 et
1631 3119 1867 3186 utiliter
1906 3122 2119 3205 gestis,
2160 3132 2321 3185 rexa
2374 3125 2702 3208 superiora
2743 3123 2882 3189 Bel-

669 3206 852 3290 gicae
868 3215 892 3251 ⁶
923 3204 1168 3290 repetit,
1198 3204 1409 3290 aliqua
1438 3226 1697 3268 suorum
1725 3203 1817 3268 ibi
1847 3205 2249 3269 ordinaturus
2265 3207 2340 3268 **.
2403 3206 2569 3271 Cum
2599 3208 2884 3293 equitatu

817 3348 839 3371 '⁸¹
904 3350 1029 3402 add.
1070 3351 1123 3399 2.

794 3349 864 3487 ”3
904 3423 1043 3486 Quid
1080 3423 1183 3474 sibi
1219 3424 1273 3472 in
1312 3423 1487 3472 animo
1514 3424 1585 3474 sit
1611 3422 1966 3475 Gislebertum
1994 3422 2184 3475 ducem
2208 3426 2487 3488 instruens,
2525 3425 2712 3474 habita
2738 3424 2880 3490 apud

906 3512 1025 3548 eum
1053 3497 1429 3562 conquestione
1470 3494 1537 3545 de
1576 3496 1908 3561 quibusdam.
1982 3497 2112 3548 Eius
2151 3514 2361 3564 quoque
2402 3497 2623 3548 consilio
2655 3497 2880 3548 militum

907 3572 1087 3636 copias
1118 3605 1132 3618 .
1154 3605 1167 3617 .
1192 3568 1424 3634 ‚colligit
1461 3567 1542 3632 (in
1592 3605 1605 3618 .
1627 3605 1640 3618 .
1665 3606 1678 3620 .
1701 3606 1713 3618 .
1761 3570 2022 3632 hostilem,
2077 3570 2136 3620 in
2188 3569 2400 3639 marg).
2493 3571 2559 3621 In
2615 3570 2882 3636 quoslibet

904 3642 1057 3704 (corr.
1092 3638 1207 3706 eos)
1248 3643 1339 3706 qui
1377 3642 1521 3692 nulla
1559 3644 1853 3705 penitentia
1891 3641 2038 3694 ducti
2075 3643 2143 3693 ad
2182 3659 2364 3710 regem
2403 3641 2563 3710 (corr.
2591 3642 2735 3709 sese)
2772 3659 2880 3696 non

904 3714 1173 3765 redierunt
1202 3750 1471 3765 ........
1518 3715 1648 3766 add.
1680 3717 1726 3779 1,
1765 3716 1865 3768 del.
1900 3717 1962 3779 23
2000 3715 2094 3782 qui
2130 3716 2286 3767 etiam
2325 3717 2385 3769 C.
2420 3733 2504 3783 eq.
2535 3719 2610 3782 ig.
2648 3716 2879 3782 scripsit.

786 3819 831 3873 a)
860 3827 957 3870 post
988 3822 1086 3861 add.
1188 3821 1238 3874 b)
1271 3825 1392 3873 apud
1423 3835 1459 3863 r.
1490 3825 1539 3864 in
1569 3835 1704 3873 mar-9.
1735 3828 1788 3874 13
1818 3825 1866 3864 in
1895 3826 1938 3864 2.
2045 3823 2087 3875 c)
2119 3825 2424 3876 impetebatur
2454 3828 2497 3866 1.
2603 3825 2650 3878 d)
2683 3826 2879 3866 Richero

666 3892 780 3922 corr.
813 3881 1070 3922 Richerum.
1190 3881 1235 3933 e)
1268 3883 1328 3922 At
1361 3905 1413 3913 —
1444 3882 1639 3922 donatus
1669 3884 1717 3922 in
1747 3884 1836 3922 loco
1867 3894 1970 3923 raso
2000 3888 2049 3922 ut
2077 3885 2259 3927 videtur.
2379 3884 2414 3935 f)
2448 3896 2502 3925 ac
2532 3885 2612 3927 del.
2707 3883 2754 3936 g)
2779 3895 2880 3934 per-

666 3941 727 3990 qia
757 3941 844 3980 alio
874 3945 1108 3979 atramento
1137 3941 1186 3980 in
1216 3942 1305 3980 loco
1334 3946 1382 3980 ut
1412 3941 1579 3980 videtur
1607 3953 1728 3981 raso.
1845 3940 1892 3991 h)
1927 3946 1972 3982 et
2003 3945 2207 3983 omnium
2238 3955 2311 3994 ep.
2345 3965 2396 3974 -
2430 3953 2658 3984 consensu
2683 3948 2783 3992 post
2810 3955 2880 3984 co·

669 4000 827 4039 mitem
855 3999 1015 4047 scripta
1046 4004 1194 4050 eram3
1226 4000 1428 4040 omnium
1458 4001 1538 4041 del.
1659 3999 1692 4050 i)
1728 4011 1755 4039 a
1785 4012 1828 4042 v.
1861 4011 1960 4041 exc.
1987 4001 2037 4040 in
2066 4013 2219 4055 mara„
2252 4015 2311 4044 ex
2339 4003 2450 4044 abac.

818 4091 873 4160 1)
911 4093 1066 4146 Flod.
1120 4109 1171 4146 a.
1222 4096 1346 4147 920.
1530 4095 1588 4161 2)
1638 4095 1792 4148 Flod.
1851 4112 1899 4147 a.
1952 4096 2076 4148 921.
2265 4096 2323 4165 3)
2360 4097 2880 4150 Troli·sur-Aisne.

666 4163 728 4229 4)
758 4175 1035 4232 praesente
1059 4168 1216 4219 Flod.
1363 4165 1421 4233 5)
1461 4168 1561 4221 loci
1594 4167 1771 4232 Flod„
1809 4169 1950 4235 quod
1990 4170 2274 4222 ecclesiam
2312 4170 2614 4238 significare
2651 4171 2883 4224 videtur.

668 4239 721 4304 6)
762 4256 981 4308 reqnum
1009 4239 1255 4292 Lotharii
1287 4241 1445 4295 Flod.
