3059 4834
450 623 556 666 94⁹.

324 3215 347 3233 ⁹
361 3218 443 3259 rol·
476 3215 545 3258 80.

570 267 641 320 82
1081 263 1385 317 RICHERI
1422 261 1930 315 HISTORIARUM
1964 261 2190 315 LIBER
2224 264 2301 316 11.

572 433 701 500 560
760 432 927 496 intra
982 430 1325 496 aecclesias
1382 428 1787 495 succendisse
1839 428 2109 494 traditur
2124 442 2167 494 ¹.
2265 429 2354 494 Et
2409 431 2501 494 sic
2557 431 2643 496 ad
2686 453 2824 498 sua.

572 517 858 584 refertur.

745 601 847 664 86.
891 599 1033 662 Rex
1060 618 1211 662 vero
1240 597 1606 661 Ludovicus
1637 595 2034 682 Gerbergam
2055 619 2124 662 re
2171 598 2347 662 inam
2365 598 2450 663 ad
2474 599 2820 682 Ottonem,

575 685 836 749 {intrem
878 703 1083 764 suum,
1128 679 1364 766 dirigit,
1407 681 1515 745 ut*
1560 677 1684 743 sibi
1726 681 1946 765 copias
1973 701 2127 746 acce
2153 691 2303 746 eret.
2366 682 2816 748 Proficiseitur

574 770 793 854 itaque
833 765 1205 830 imminente
1248 763 1716 848 sollempnitate
1743 763 1987 848 pascali
2029 774 2091 829 et
2130 765 2524 851 Aquisgrani
2559 765 2817 852 palatio·

575 861 866 917 sanctum
924 848 1163 935 pascha
1221 869 1368 911 cum
1410 847 1604 911 fratre
1662 846 1898 912 Ottone
1911 857 1938 889 ⁸
1998 847 2293 914 celebrat.
2393 847 2812 916 Conveniunt

572 959 658 1001 ex
688 933 1037 999 Germania
1062 933 1387 1017 principes
1416 929 1721 995 nonnulli.
1789 929 2046 995 Adsunt
2083 954 2168 996 ex
2195 932 2312 997 Bel
2362 935 2462 998 'ca
2494 935 2806 999 universi.

573 1020 711 1085 Nec
778 1017 1011 1082 desunt
1070 1016 1263 1101 legati
1328 1013 1710 1098 Grecorum,
1775 1013 2108 1098 Italorum,
2181 1015 2330 1102 Ang
2353 1039 2534 1082 orum
2607 1027 2816 1104 atque

572 1103 838 1169 aliorum
883 1098 1195 1186 plurimae
1235 1098 1586 1183 legationes
1629 1097 2031 1184 populorum.
2130 1100 2378 1200 Regina
2433 1121 2604 1200 erg0,
2651 1122 2809 1166 cum

571 1187 763 1252 fratre
808 1182 1071 1251 consilio
1114 1181 1333 1247 habito
1379 1193 1442 1248 et
1484 1191 1753 1267 accepta
1795 1183 1876 1248 ab
1919 1204 1996 1247 eo
2039 1183 2264 1248 auxili1
2319 1183 2809 1271 pollicltatione,

572 1290 797 1336 secura
836 1267 920 1332 ad
962 1289 1182 1352 regem
1223 1265 1630 1331 Ludovieum
1671 1265 1854 1330 redit.

741 1354 842 1418 87.
906 1351 1317 1416 Ludovicus²
1374 1372 1525 1414 vero
1581 1351 1650 1412 in
1699 1351 2020 1415 tirannum
2074 1352 2290 1433 iratus,
2347 1353 2544 1416 nimio
2597 1353 2805 1416 animi

569 1437 818 1504 fervore
848 1434 1102 1500 Ottonis
1130 1432 1440 1498 auxilium
1470 1435 1806 1518 prevenire
1834 1433 2282 1500 meditabatur.
2345 1435 2812 1500 Arbitrabatur

571 1522 833 1600 etenim,
933 1518 1190 1581 uoniam
1254 1518 1322 1579 in
1377 1515 1574 1602 longa
1636 1517 1953 1583 exercitus
2025 1521 2503 1604 exspectatione
2564 1520 2806 1584 iniuria

570 1603 771 1669 inulta
811 1603 877 1667 vi
924 1611 1153 1666 eretur.
1241 1599 1503 1664 Confert
1545 1600 1764 1697 itaque
1809 1622 1954 1664 cum
1985 1612 2163 1686 patre
2209 1604 2392 1668 meob
2438 1603 2804 1684 consilium,
2921 1655 2928 1662 .

572 1709 648 1754 eo
692 1684 864 1771 quod
908 1685 1045 1748 eius
1088 1691 1255 1748 esset
1281 1681 1482 1764 mileS,
1528 1683 1809 1748 conslliis
1839 1685 2228 1769 commodus,
2271 1686 2570 1751 facundia
2605 1687 2806 1752 simul

573 1780 637 1837 et
676 1768 938 1834 audatia
980 1765 1314 1853 plurimus.
1397 1765 1589 1830 Unde
1630 1776 1693 1831 et
1730 1790 1846 1832 rex
1874 1768 2221 1834 admodum
2249 1772 2309 1835 ei
2335 1771 2800 1838 consuescebat

572 1866 637 1921 et
696 1853 871 1938 apud
926 1873 1072 1916 eum
1131 1850 1461 1936 sepissime
1520 1850 1935 1918 consultabat.
2040 1853 2346 1920 Dictabat
2405 1877 2557 1940 ergo
2610 1865 2804 1954 pater

570 1959 749 2003 meus
762 1938 789 1979 b
835 1935 1009 2022 apud
1049 1955 1277 2020 regem.
1297 1944 1361 1999 et
1394 1956 1638 2020 paucos
1667 1937 1780 2022 qui
1806 1936 2150 2002 intererant
2178 1937 2466 2002 ordinem
2495 1938 2794 2024 caplendi

568 2021 955 2088 Laudunum
996 2019 1104 2084 ita.
1199 2020 1487 2083 Primum
1541 2040 1678 2084 sese
1736 2018 2217 2085 observaturum
2275 2023 2797 2109 oportunitatem,

570 2108 801 2187 aiebat,
846 2114 910 2169 et
951 2125 1036 2168 an
1075 2101 1201 2166 loci
1242 2101 1551 2168 habitudo
1604 2101 1672 2165 id
1713 2102 1922 2185 ferret,
1976 2127 2060 2168 an
2115 2107 2309 2170 etiam
2352 2107 2526 2172 cives
2570 2107 2639 2170 in
2683 2106 2793 2171 ob-

572 2190 927 2256 servatione
970 2187 1148 2250 urbis
1192 2187 1542 2250 cautissimi
1597 2184 1996 2269 haberentur,
2051 2187 2532 2273 diligentissime
2575 2189 2796 2276 explo-

571 2285 859 2340 raturum
904 2292 1041 2335 sese
1087 2270 1501 2335 memorabat.
1566 2269 1821 2334 Deinde
1849 2268 2122 2354 dicebat,
2154 2273 2498 2339 efficaciter
2527 2295 2594 2338 se
2628 2273 2796 2338 adeo

572 2357 1007 2423 ordinaturum
1071 2355 1284 2419 omnia
1344 2361 1409 2418 et
1459 2355 1551 2418 sic
1597 2351 1680 2417 ad
1734 2353 2030 2420 effectum
2086 2354 2320 2421 utiliter
2361 2357 2798 2440 reducturum,
2845 2355 2856 2364 ’

569 2452 643 2508 ut
638 2439 837 2589 h:ilulli
879 2447 1025 2526 post
1068 2460 1205 2502 sese
1251 2437 1596 2524 quicquam
1649 2439 1907 2522 negotio
1958 2438 2308 2525 inperfecto
2363 2440 2795 2528 supplendum

568 2548 637 2591 re
664 2527 677 2541 ‘
773 2532 1044 2588 ueretur.

779 2609 838 2672 8.
910 2606 1088 2690 Rege
1159 2625 1312 2690 ergo
1382 2626 1500 2689 per
1563 2602 1699 2668 dies
1770 2603 2013 2691 aliquot
2080 2606 2336 2670 Ren1is⁰
2401 2605 2794 2689 demorante,

568 2689 905 2778 Ro[dulfus
918 2690 969 2774 ὖ]
1014 2727 1097 2737 -
1138 2688 1230 2752 sic
1273 2688 1445 2751 enim
1486 2696 1672 2772 pater
1710 2689 1935 2752 meusl’
1979 2688 2308 2756 dicebatur
2335 2731 2416 2740 —-
2447 2691 2796 2756 commodi-

568 2785 765 2842 tatem
849 2769 1145 2858 patrandi
1220 2770 1461 2855 negotii
1528 2792 1647 2855 per
1715 2792 1868 2836 suos
1938 2772 2333 2858 explorabat.
2446 2775 2665 2840 Missis
2711 2795 2792 2839 ue

570 2855 1098 2957 exploratoribus,
1145 2855 1453 2939 comperit
1494 2875 1808 2938 agasones
1862 2857 2100 2920 civium
2155 2880 2272 2942 per
2325 2857 2462 2924 dies
2505 2859 2651 2945 sing
2720 2881 2793 2923 os

570 2964 747 3008 ex1re
804 2939 887 3003 ab
938 2938 1098 3002 urbe
1150 2946 1434 3023 tempore
1490 2940 1853 3021 vespertino
1911 2940 2064 3038 quin
2113 2963 2397 3027 uagenos
2455 2953 2569 3007 aut
2611 2965 2792 3008 sexa·

569 3046 767 3112 genos
834 3033 897 3087 et
936 3021 1270 3106 farraginis
1311 3019 1650 3084 fasciculos
1694 3023 1874 3108 equis
1917 3045 1984 3086 1n
2026 3046 2104 3088 ur
2150 3047 2252 3088 em
2297 3025 2558 3107 deferre,
2619 3027 2791 3113 capi·

565 3107 737 3174 tibus
783 3106 865 3171 ob
910 3104 1061 3170 solis
1105 3102 1396 3169 ardorem
1442 3103 1778 3168 obvolutis.
1862 3106 2067 3192 quue
2113 3108 2366 3192 cotidie,
2411 3118 2475 3173 et
2501 3119 2792 3196 tempore

566 3192 811 3259 eodem.
898 3188 1090 3271 Quod
1133 3209 1281 3252 cum
1322 3187 1404 3253 ab
1464 3187 1979 3254 observatoribus
2082 3193 2204 3256 atri
2256 3195 2440 3258 meob
2497 3191 2788 3259 *relatum

565 3277 805 3357 fuisset,
850 3272 1043 3339 simili
1084 3293 1193 3337 eos
1237 3271 1541 3336 exercitio
1587 3293 1772 3356 posse
1800 3271 1953 3356 falli,
1983 3295 2023 3336 a
2068 3278 2274 3342 vertit.
2345 3277 2601 3342 Referte
2635 3298 2787 3362 ergo

568 3361 706 3426 sese
782 3358 867 3423 ad
927 3379 1151 3454 regem·
1220 3365 1283 3420 et
1340 3356 1432 3419 sic
1482 3355 1661 3440 apud
1717 3378 1865 3420 eum
1917 3360 2319 3443 presentibus
2383 3362 2790 3448 paucissimis

566 3453 876 3592 conoggla
902 3440 1294 3610 ‘ffldin'ss
1347 3524 1663 3610 inquienS,
1709 3526 1766 3588 ‘o
1795 3546 1930 3606 rex,
1973 3525 2314 3604 videretur,
2361 3527 2415 3590 si
2443 3527 2566 3591 hoc
2595 3550 2677 3591 ne
2725 3549 2787 3590 o·

566 3612 724 3676 tium
768 3606 1166 3674 solummodo
1209 3608 1403 3671 armis
1447 3607 1818 3694 viribusque
1862 3618 2027 3674 esset
2055 3609 2584 3697 attemptandum.
2659 3549 2786 3676 §ed

712 3749 761 3820 ¹*)
798 3753 855 3802 in
892 3752 1011 3818 ipsa
1048 3752 1224 3804 hieme
1264 3753 1367 3803 sibi
1394 3753 1590 3830 ’copias
1629 3754 1822 3816 mittat,
1861 3753 1990 3804 licet
2027 3754 2143 3820 ipse
2179 3757 2471 3807 exercitum
2501 3754 2782 3807 collectum

802 3826 1081 3888 remiserit,
1122 3829 1178 3876 et
1216 3825 1342 3888 [non
1378 3841 1548 3891 usque
1586 3832 1706 3892 post
1744 3827 1971 3877 hiemem
2010 3843 2121 3878 rev.
2163 3828 2319 3892 corr-J
2371 3835 2423 3880 et
2459 3843 2630 3895 usque
2667 3830 2788 3895 post

802 3912 897 3950 ver
920 3913 1027 3950 non
1064 3914 1396 3952 reversurum
1436 3899 1770 3950 constituerit
1811 3900 1859 3948 1.

619 4013 624 4018 '
678 4005 723 4058 a)
757 4017 865 4058 rege
899 4008 939 4049 1.
1116 4005 1163 4058 b)
1197 4019 1241 4057 p.
1276 4017 1336 4046 m.
1365 4007 1466 4046 aliie
1496 4007 1649 4048 erasis.
1832 4004 1874 4058 c)
1906 4008 1954 4047 in
1985 4019 2120 4058 mar-9.
2289 4008 2338 4061 d)
2371 4009 2486 4053 Rotr.
2531 4021 2649 4051 corr.
2680 4008 2781 4050 nor.

562 4063 850 4118 e)’00ntulit
880 4068 921 4106 ι.
1043 4065 1082 4118 f)
1115 4066 1304 4116 quidem
1335 4066 1434 4106 add.
1470 4067 1510 4106 1.

676 4157 731 4226 1)
750 4157 810 4210 in
831 4157 1170 4212 Culmisciaco
1189 4160 1301 4212 vico
1318 4166 1426 4211 tam
1446 4160 1597 4227 infra
1615 4177 1776 4227 quam
1794 4160 1936 4212 circa
1957 4161 2259 4214 aecclesiam
2270 4164 2398 4230 fere
2417 4163 2784 4232 quadraqinta

559 4230 791 4286 homines
826 4229 1199 4298 inteffccerunt
1232 4232 1391 4285 Flod.
1545 4231 1603 4299 2)
1633 4235 1929 4300 Sequentia
1951 4235 2096 4288 solus
2117 4237 2406 4300 Richerus3
2447 4237 2602 4289 aliter
2627 4236 2782 4288 Flod.
