3059 4834
23 4070 34 4795 ————-—-———-——————
24 4026 26 4031 -
24 3994 26 4011 -
24 3788 28 3977 ——-——-

672 256 976 309 RIOHERI
1014 257 1518 309 HISTORIARUM
1555 256 1778 309 LIBER
1814 256 1919 309 111.
2326 258 2425 306 121

207 427 313 490 94.
384 423 758 490 Adelaidis⁸
800 446 840 488 a
866 423 1197 489 Ludovico
1215 435 1241 467 ἃ
1269 447 1338 489 re
1389 423 1529 488 'nae
1558 424 1662 486 ina
1690 421 2040 509 Aquitania
2068 426 2385 510 promotio
2402 435 2428 467 ἃ

933 530 1277 594 eorumque
1366 507 1662 573 'vortium
1675 518 1720 571 ¹¹.

378 611 522 691 Quo
581 632 622 674 a
675 609 922 697 prefata
963 608 1274 674 Adelaide
1330 608 1526 674 multo
1587 620 1901 695 apparatu
1957 610 2209 696 excepti
2266 619 2430 675 sunt.

206 694 295 759 Et
339 694 442 759 die
487 696 855 775 constituta,
897 692 1248 759 rationibus
1293 693 1730 758 decentissime
1773 692 2006 759 habitis
2064 706 2128 759 et
2169 716 2253 759 ex
2294 695 2430 759 iure

209 778 376 843 datis
431 776 747 843 dotalibus
764 827 781 861 ,
832 778 1201 843 Ludovicus
1252 799 1370 842 rex
1427 798 1568 842 eam
1620 778 1743 842 sibi
1792 799 2061 842 uxorem
2113 777 2434 864 copulavit

207 872 276 927 at
322 885 403 927 ue
469 884 686 927 secum
743 871 1108 926 coronatam
1164 884 1280 947 per
1336 862 1674 947 episcopos
1730 862 1799 924 in
1854 883 2123 947 regnum
2182 883 2433 948 promo·

205 948 308 1010 vit
354 996 369 1011 .
455 947 600 1011 Non
641 955 853 1011 tamen
895 947 1141 1045 regium
1198 968 1429 1011 nomen
1473 947 1565 1009 sic
1622 946 1689 1008 in
1746 946 1837 1009 eis
1893 945 2110 1027 valuit,
2170 954 2241 1011 ut
2281 944 2433 1009 ulla-

206 1040 396 1094 tenus
452 1030 764 1115 regnandi
817 1030 1312 1095 dommationem
1355 1031 1419 1093 in
1464 1028 1864 1115 principibus
1916 1050 2213 1094 exercere
2267 1028 2434 1094 vale-

205 1124 369 1177 rent.
466 1116 668 1177 Amor
725 1136 978 1200 quoque
1021 1112 1370 1200 coniugalis
1431 1116 1523 1177 eis
1575 1135 1741 1198 pene
1791 1112 2001 1177 nullus
2044 1113 2181 1177 fuit.
2268 1113 2434 1177 Nam

207 1219 359 1261 cum
414 1196 518 1262 ille
573 1197 782 1262 adhuc
881 1199 1237 1280 ubesceret,
1296 1196 1404 1261 illa
1452 1219 1606 1263 vero
1661 1219 1819 1261 anus
1860 1197 2039 1278 foret,
2106 1196 2434 1262 contrariis

207 1282 495 1346 moribus
540 1280 840 1348 dissentis
887 1291 1013 1346 ant.
1094 1281 1478 1347 Cubiculum
1521 1302 1858 1346 commune
1901 1279 2026 1345 sibi
2066 1303 2195 1346 non
2237 1282 2435 1366 patie-

208 1368 460 1431 bantur.
533 1366 906 1451 Requieturi
949 1388 1201 1452 quoque
1244 1365 1515 1429 diversis
1544 1365 1835 1451 hospitiis
1912 1364 2288 1430 otiebantur.
2364 1364 2435 1429 Si

211 1449 466 1535 quando
512 1448 998 1535 colloquendum
1041 1459 1194 1531 erat,
1247 1448 1461 1513 locum
1505 1450 1625 1514 sub
1684 1449 1832 1513 divo
1930 1450 2222 1514 abebant.
2308 1449 2433 1512 Pro

211 1534 610 1599 sermonibus
652 1534 1077 1620 producendis
1120 1534 1508 1620 paucissima
1552 1532 1764 1597 dicere
1808 1542 1906 1597 sat
1948 1541 2101 1597 erat.
2187 1532 2273 1597 Et
2312 1532 2435 1596 hoc

211 1639 252 1681 a
298 1617 388 1681 ud
446 1639 555 1681 eos
611 1617 740 1681 fere
800 1627 935 1683 erat
989 1640 1104 1703 per
1162 1617 1507 1682 biennium.
1618 1617 1905 1697 Quorum
1960 1639 2169 1681 mores
2233 1638 2435 1702 usque

211 1641 372 1766 adeo
417 1701 740 1765 discordes
782 1701 976 1783 fuere,
999 1706 1089 1766 'ut
1128 1722 1256 1765 non
1297 1700 1495 1766 multo
1542 1711 1687 1785 post
1728 1710 2095 1799 sequeretur
2135 1707 2199 1763 et
2227 1699 2435 1764 divor-

210 1788 374 1850 tium
389 1798 430 1849 1.
505 1786 663 1871 (95.)
715 1784 1082 1849 Ludovicus
1124 1807 1276 1850 vero
1321 1786 1472 1883 quia
1511 1806 1762 1850 morum
1804 1785 2277 1848 1nformatorem
2306 1805 2435 1847 non

213 1868 508 1950 habebat,
551 1877 771 1955 utpote
814 1868 1200 1951 adolescens,
1243 1868 1477 1933 levmm
1521 1890 1735 1932 rerum
1769 1868 2159 1932 vanitatibus
2186 1869 2435 1931 insiste-

213 1953 344 2019 bat.
429 1953 778 2018 Habitum⁰
834 1954 1077 2038 patriae
1135 1954 1342 2035 gentis
1386 1973 1502 2037 pro
1545 1952 1899 2036 peregrinis
1943 1952 2195 2036 penitus
2240 1950 2433 2035 depo-

214 2046 447 2102 suerat.
532 2037 757 2123 Itaque
799 2038 866 2100 in
907 2036 1332 2102 miserandam
1388 2037 1707 2100 fortunam
1749 2057 1849 2099 res
1893 2034 2146 2119 penitus
2190 2032 2438 2119 dilapsa

213 2131 329 2203 est,
373 2131 447 2185 ut
489 2133 554 2186 et
594 2122 876 2186 moribus
930 2120 1206 2206 degener
1246 2129 1309 2185 et
1350 2117 1663 2203 regnandi
1703 2118 2077 2203 impotentia
2130 2115 2436 2203 inglorius

214 2214 407 2287 esset3
475 2210 575 2269 *et
637 2206 748 2291 qui
811 2202 1002 2290 paulo
1058 2214 1204 2269 ante
1261 2226 1377 2267 rex
1430 2224 1697 2289 genere,
1760 2202 1931 2266 fama
1983 2211 2173 2302 atque
2232 2201 2669 2300 copiis·101.41.

215 2299 460 2375 potem,
505 2311 674 2353 nunc
718 2310 1090 2354 erumnosus
1136 2296 1199 2352 et
1240 2287 1447 2371 inops,
1489 2288 1585 2352 rei
1611 2284 1937 2350 familiaris
1968 2284 2155 2349 s1mul
2185 2294 2250 2351 et
2277 2283 2435 2349 mill-

215 2374 370 2437 taris
433 2372 788 2439 calamitate
853 2396 882 2436 s
928 2370 1184 2436 ualeret.
1283 2371 1404 2435 His
1458 2367 1796 2434 Lotharius
1851 2392 1969 2434 rex
2031 2392 2149 2455 per
2205 2368 2435 2433 multos

220 2457 507 2541 cognitiS,
573 2457 774 2521 filium
831 2458 898 2519 in
945 2480 979 2521 e
1035 2476 1338 2521 revocare
1391 2476 1465 2518 co
1515 2453 1744 2537 ‘tabat3
1808 2476 1936 2517 non
1994 2454 2310 2539 ignorans,
2370 2454 2437 2516 in

219 2542 402 2627 peius
443 2564 586 2605 eum
626 2540 974 2627 lapsurum,
1019 2562 1164 2603 cum
1207 2538 1335 2603 illic
1377 2537 1486 2603 nul
1509 2560 1617 2601 um
1650 2538 1975 2623 dignitatis
2005 2538 2219 2621 regiae
2248 2537 2439 2602 habe-

218 2635 317 2689 ret
379 2624 700 2690 honorem.
809 2625 1184 2710 Equitatum
1251 2624 1466 2708 itaque
1522 2630 1707 2707 parat
1771 2621 1970 2686 filium
2033 2622 2436 2707 repetituruS.

213 2710 275 2773 A
323 2710 628 2774 uitaniam
685 2710 1047 2794 ingressm,
1104 2706 1414 2771 Briddam
1457 2706 1676 2791 petiit.
1786 2705 2021 2771 Filium
2082 2707 2313 2805 repetit
2376 2715 2439 2769 et

211 2731 480 2859 reducit.
565 2794 814 2878 Regina
869 2814 1006 2857 sese
1049 2792 1376 2856 viduatam
1418 2789 1657 2872 dolens,
1700 2801 1763 2855 et
1801 2791 2005 2856 verita
2046 2791 2303 2855 maloris
2346 2790 2438 2852 in-

215 2876 536 2941 commodi
563 2878 879 2959 iniuriam,
908 2875 1278 2942 Wilelmum
1307 2873 1744 2945 Arelatensem
1785 2875 1943 2939 adiit
1978 2876 2161 2961 eique
2203 2873 2437 2959 nupsit.

213 2960 300 3025 Et
343 2963 435 3025 sic
479 2984 564 3027 ex
607 2962 878 3025 divortio
921 2960 1302 3025 adulterium
1345 2959 1677 3045 publicum
1722 2968 2052 3046 operatum
2094 2967 2209 3022 est.

952 3083 1052 3147 96.
1140 3081 1372 3147 Obitus
1419 3078 1692 3145 Ottonis.

383 3184 528 3248 Hac
569 3192 944 3269 tempestate
976 3184 1130 3249 Otto
1176 3206 1321 3247 cum
1364 3181 1697 3246 barbaris²
1742 3203 1862 3245 con
1945 3203 2141 3261 essuS,
2186 3180 2443 3244 misera·
2460 3194 2561 3235 982.

215 3266 330 3335 bili
372 3268 664 3333 fortunae
710 3268 1062 3332 succubuit.
1141 3267 1308 3331 Nam
1353 3275 1415 3330 et
1457 3267 1808 3331 exercitum
1954 3286 2061 3327 um
2104 3264 2335 3344 amisit,
2381 3271 2442 3328 et

214 3354 355 3423 inse
423 3363 646 3438 captus
703 3349 784 3415 ab
838 3350 1147 3433 hostibus,
1211 3351 1428 3414 divina
1482 3371 1633 3414 vero
1689 3348 1897 3433 gratia
1958 3368 2247 3411 reversus
2302 3345 2438 3411 fuit.

213 3424 373 3501 Post
417 3457 560 3499 cum
605 3458 688 3501 ex
730 3434 1153 3519 indigestione
1195 3435 1438 3498 Romae
1495 3432 1812 3497 laboraret
1856 3438 1918 3494 et
1958 3430 2239 3495 intestini
2273 3452 2301 3493 s
2350 3429 2440 3493 ui·
2459 3454 2558 3498 sss.

215 3520 396 3588 balas
461 3542 545 3585 ex
608 3517 1016 3583 melancolico
1081 3517 1344 3582 humore
1405 3527 1743 3601 pateretur,
1809 3513 1992 3578 aloen
2048 3514 2131 3577 ad
2189 3535 2321 3598 pon
2366 3535 2440 3576 us

217 3604 625 3689 dragmarum
669 3614 943 3703 quatuor
970 3602 1256 3667 sanitatis
1285 3601 1512 3665 avidus
1545 3598 1831 3683 sumpsit.
1906 3595 2441 3683 Conturbatisque

215 3688 586 3762 visceribus,
632 3688 864 3751 dlarria
892 3688 1058 3772 iugis
1086 3694 1424 3773 prosecuta
1453 3692 1566 3747 est.
1640 3683 1837 3748 Cuius
1868 3682 2202 3746 continuus
2231 3681 2441 3745 fluxus

215 3772 604 3837 emorroides
665 3780 977 3836 tumentes
1048 3770 1424 3857 procreavit.
1543 3768 1726 3847 Quae
1800 3767 1990 3831 etiam
2065 3767 2440 3851 sanguinem

213 3855 705 3921 immoderatum
749 3855 1157 3937 effundentes,
1200 3863 1471 3917 mortem
1513 3862 1662 3937 post
1702 3851 1837 3915 dies
1879 3872 2008 3914 non
2049 3848 2263 3935 plures
2295 3870 2454 3935 ope-‘

214 3950 392 4005 ratae
436 3950 598 4004 sunt.

217 4083 262 4137 a)
296 4085 386 4135 Ad,
418 4086 492 4136 do,
521 4086 586 4138 in,
619 4086 671 4137 ti,
703 4096 761 4125 vo
793 4086 905 4128 absc.
1035 4082 1084 4137 b)
1115 4084 1286 4134 eiqnum
1314 4082 1561 4133 appositum
1591 4085 1805 4121 auctorem
1836 4079 2045 4129 quaedam
2074 4077 2228 4117 addere
2257 4076 2438 4116 υοιαίεεο

217 4144 416 4197 ostendit,
449 4156 559 4193 quae
578 4144 760 4194 frustra
790 4155 992 4195 quaeras.
1114 4142 1155 4193 c)
1189 4146 1351 4186 Vestes
1386 4144 1426 4183 1.
1551 4138 1597 4191 d)
1632 4140 1863 4181 wilelmo,

368 4237 426 4306 1)
462 4240 635 4291 Aliter
665 4256 750 4292 res
787 4246 966 4292 narrat
1001 4238 1260 4292 Rodulfus
1299 4236 1518 4292 Glaber.
1668 4234 1726 4302 2)
1764 4237 1803 4288 i.
1841 4251 1889 4287 e.
1930 4234 2231 4287 Saracenis.
