3059 4834
760 285 1066 337 RICHERI
1104 283 1611 338 HISTORIARUM
1648 285 1870 336 LIBER
1907 286 1981 336 11.
2406 285 2477 334 45

255 455 465 536 Quam
510 475 657 518 cum
711 477 750 518 a
792 450 1226 551 superioribus
1277 451 1492 516 hostes
1546 453 1813 550 rupibus
1871 451 2230 538 opprimere
2289 473 2477 516 cona·
2493 469 2597 513 938.

247 549 486 622 rentur,
531 561 572 602 a
614 537 958 622 sagittanis
1010 534 1294 622 undique
1347 534 1673 622 dispositis
1729 533 2181 601 contumeliose
2236 534 2477 622 repulsi

247 632 415 687 sunt.
499 621 605 686 Ad
647 643 862 686 arcem
905 621 1122 706 itaque
1180 620 1474 685 machina
1524 619 1821 702 deducta,
1877 641 2097 683 murus
2156 642 2240 685 ex
2292 628 2475 706 parte

245 708 556 771 suffossus
599 714 791 803 atque
835 725 1088 770 eversus
1135 712 1248 768 est.
1319 704 1557 768 Hostes
1586 703 2054 769 multitudinem
2085 714 2475 769 armatorum

245 813 364 876 per
419 791 590 855 hunc
641 788 884 852 hlatum
944 787 1248 874 possibile
1298 789 1617 854 introduci
1658 787 2091 869 formidantes,
2149 810 2326 851 arma
2368 787 2476 852 de-

247 883 497 960 ponunt
539 895 616 937 ac
658 875 900 958 regiam
946 872 1360 936 clemenciam
1395 871 1759 959 implorant.
1845 872 1987 936 Rex
2017 895 2085 937 er
2133 892 2170 935 o
2198 870 2474 957 amplius

250 957 622 1023 tumultuari
688 957 1066 1043 prohibens,
1131 957 1403 1022 intactos
1455 979 1621 1042 pene
1682 893 2165 1041 comprehendgjt
2181 1004 2197 1036 ,
2264 963 2479 1039 preter

247 1041 366 1106 hos
411 1041 521 1127 qui
561 1042 630 1104 in
671 1039 929 1106 militari
970 1038 1246 1105 tumultu
1287 1041 1557 1105 sauciati
1612 1039 1809 1116 fuere,
1854 1061 2129 1126 suosque
2172 1037 2258 1102 ad
2299 1039 2476 1104 urbis

249 1125 515 1190 tutelam
557 1127 622 1188 in
666 1146 812 1189 arce
856 1124 1171 1210 deposuit.

368 1247 466 1309 11.
525 1244 750 1309 Dolus·
776 1237 1024 1308 Arnulfi
1068 1253 1304 1330 atquea
1347 1243 1569 1330 oppidi
1612 1243 2083 1322 Monasteriolia
2128 1245 2363 1328 captio.

417 1347 598 1412 Haec
617 1360 637 1393 1
693 1346 846 1410 dum
888 1357 1280 1433 gererentur,
1337 1343 1647 1410 Arnulfus
1704 1345 2028 1431 predictus
2082 1345 2476 1411 Morinorum
2497 1356 2597 1399 ⁹89·

246 1433 547 1517 princeps
589 1429 842 1495 Erluini
887 1431 1199 1530 oppidum
1243 1451 1426 1494 secus
1483 1452 1661 1494 mare
1720 1431 1913 1494 situm
1954 1429 2476 1496 Monasteriolum

245 1515 504 1579 nomine
520 1527 544 1560 ²
609 1537 763 1579 suae
815 1526 984 1600 parti
1041 1513 1275 1578 addere
1333 1503 1639 1600 cogitans,
1707 1535 1783 1577 eo
1848 1513 2020 1612 quod
2076 1535 2161 1577 ex
2215 1515 2476 1578 navium

241 1599 800 1663 advectationibus
843 1597 991 1662 inde
1034 1596 1249 1683 plures
1305 1605 1567 1696 questus
1622 1607 2020 1683 provemant,
2075 1596 2476 1685 adipiscendi

243 1681 509 1748 insidias
555 1683 1000 1782 componebat.
1063 1682 1305 1780 Dirigit
1332 1690 1422 1746 lta
1466 1704 1549 1746 ue
1579 1682 1892 1767 quosdam
1922 1703 2181 1746 suorum
2211 1680 2475 1746 callidos

251 1768 320 1831 in
374 1776 551 1832 veste
605 1766 876 1849 abiecta,
932 1764 1112 1830 dolos
1172 1764 1392 1830 dlssim
1465 1787 1599 1848 ans,
1666 1765 1751 1829 ad
1810 1764 2129 1850 quendam
2186 1764 2475 1831 eiusdem

245 1851 472 1950 oppidi
514 1849 865 1932 custodem,
923 1872 1114 1936 quem
1170 1851 1363 1914 etiam
1415 1851 1484 1913 in
1537 1849 1896 1935 proditione
1951 1871 2081 1913 non
2140 1848 2476 1914 diffidebat

243 1934 634 1999 faclllimum.
703 1932 832 2015 Qui
860 1934 1153 2019 ingressi,
1184 1935 1372 1997 eumb
1401 1955 1441 1996 a
1472 1933 1730 1997 domino
1764 1931 2039 1998 salutant
2066 1955 2142 1997 ac
2169 1932 2476 2018 loquendi

246 2019 741 2104 oportunitatem
784 2028 1028 2103 petunt.
1097 2016 1422 2082 Secedunt
1465 2039 1639 2102 ergo.
1702 2015 1807 2080 Illi
1833 2024 2083 2080 tantum
2113 2037 2251 2081 esse
2279 2039 2361 2081 ne
2410 2038 2473 2080 o-

243 2104 407 2167 tium
449 2110 714 2189 propter
759 2101 934 2186 quod
977 2109 1281 2166 venerant
1324 2099 1712 2182 simulanteS,
1773 2108 1864 2181 ut,
1916 2121 1956 2162 a
2013 2120 2139 2185 quo
2194 2121 2353 2164 exor
2402 2101 2477 2164 'ri

243 2195 533 2272 possent,
607 2185 860 2270 penitus
929 2185 1326 2270 ignorarent,
1409 2183 1752 2268 aliquantis
1800 2204 1869 2246 er
1937 2183 2263 2248 herebant.
2386 2182 2475 2247 Et

245 2269 512 2334 tandem
555 2269 976 2366 suspirantes:
1019 2268 1162 2332 ‘Eia
1204 2269 1303 2349 te',
1346 2268 1662 2353 inquiunt,
1707 2274 1722 2307 ‘
1786 2265 2061 2332 otberte!
2107 2268 2207 2331 eia
2235 2278 2297 2332 te
2326 2267 2476 2332 Rot-

245 2351 472 2417 berte'!
541 2389 617 2398 —-
687 2373 778 2415 slc
835 2351 1003 2416 enim
1060 2351 1410 2416 vocabatur
1477 2389 1555 2397 —-
1620 2352 1891 2450 ‘quantis
1955 2349 2137 2414 malis
2203 2350 2476 2437 elapsus,

251 2438 504 2522 quantis
531 2433 832 2522 periculis
864 2445 1202 2521 exemptus
1233 2457 1318 2518 eS,
1365 2444 1428 2500 et
1501 2447 1678 2501 uant1
1707 2435 2009 2520 insuperb
2054 2435 2478 2500 secundarum

248 2542 466 2584 rerum
509 2519 628 2584 tibi
673 2518 984 2584 debentur
1025 2519 1408 2584 successus'!
1550 2527 1578 2583 t
1618 2519 1829 2583 statim
1872 2517 2271 2604 protulerunt
2314 2517 2476 2583 duos

247 2602 492 2684 anuIOS,
552 2601 712 2667 alter
767 2623 1030 2666 aureum
1047 2651 1064 2685 ,
1121 2601 1282 2668 alter
1350 2625 1506 2668 vero
1562 2602 1857 2669 ferreum.
1978 2602 2084 2668 ‘Et
2139 2602 2325 2686 vide’,
2384 2604 2476 2667 in-

249 2689 495 2779 quiunt,
541 2687 718 2774 ‘quid
760 2687 829 2750 in
872 2685 969 2750 his
1009 2687 1322 2774 perpendi
1360 2687 1609 2753 valeat’.
1699 2687 1845 2768 Quo
1890 2686 2047 2774 quid
2090 2698 2258 2752 esset
2298 2687 2476 2774 igno-

248 2783 452 2853 rante,
492 2769 585 2834 illi
625 2782 1071 2856 prosecuntur:
1138 2772 1236 2836 ‘In
1263 2793 1419 2836 auro
1450 2771 1619 2836 dona
1661 2770 1978 2858 egregiass,
2022 2772 2089 2835 in
2130 2771 2298 2837 ferro
2340 2773 2478 2836 vin-

251 2854 393 2919 cula
435 2855 707 2918 carceris
799 2865 927 2920 uta.
1013 2855 1218 2920 Instat
1259 2857 1495 2922 etenim
1549 2866 1823 2942 tempus,
1922 2877 2006 2921 uo
2059 2863 2123 2920 et
2166 2855 2476 2944 oppidum

248 2939 372 3003 hoc
416 2940 483 3002 in
525 2939 626 3002 ius
672 2941 762 3026 *[a
785 2941 980 3004 terius
996 2939 1045 3029 ἀ]
1095 2939 1452 3004 'concedat
1540 2939 1843 3004 Tacenda
1930 2960 2043 3004 aec
2094 2948 2243 3005 tuae
2286 2939 2476 3003 fidei⁶
2495 2939 2512 2958 ’
2530 2954 2575 2994 1³·
2610 2941 2714 2987 ⁵⁹⁰·

252 3024 727 3088 committimus,
813 3024 940 3087 Res
982 3022 1170 3088 vobis
1212 3025 1447 3090 nesciis
1490 3023 1804 3110 disposita
1846 3034 1960 3090 est.
2046 3022 2179 3088 Nos
2223 3045 2477 3111 quoque

251 3107 320 3170 id
362 3109 575 3193 ipsum
637 3109 890 3193 penitus
948 3107 1336 3194 ignoramuS.
1435 3107 1526 3172 At
1588 3109 1681 3173 rei
1745 3129 2061 3172 summam
2124 3108 2285 3174 scire
2348 3128 2480 3172 non

252 3213 581 3278 negamus.
689 3192 964 3256 Mortem
1026 3190 1346 3278 loquimur
1412 3202 1524 3256 aut
1588 3191 1872 3258 exilium.
1980 3191 2170 3257 Unde
2235 3202 2299 3257 et
2359 3192 2481 3256 tibi

252 3274 558 3340 Arnulfus
619 3296 831 3340 comes
891 3274 1240 3357 consulens,
1305 3275 1555 3340 futurae
1616 3275 1815 3340 cladis
1874 3275 2298 3340 calamitatem
2360 3295 2480 3360 per

253 3380 368 3424 sua
420 3359 660 3423 indicia
712 3357 1124 3445 significavit3
1179 3359 1458 3441 hortans,
1512 3368 1585 3424 ut
1637 3359 1719 3423 ad
1776 3381 1913 3423 sese
1964 3368 2247 3442 transeas
2290 3366 2354 3421 et
2395 3355 2477 3420 ab

254 3464 331 3508 eo
375 3443 515 3507 auri
558 3452 622 3507 et
663 3442 912 3528 argenti
955 3441 1232 3528 insignia
1283 3451 1725 3530 terrarumque
1782 3463 1855 3506 co
1904 3442 2032 3505 iam
2082 3462 2159 3504 ac
2208 3440 2480 3506 militum

253 3526 724 3591 multitudinem
781 3526 1062 3612 accipias
1127 3547 1273 3589 cum
1345 3525 1514 3591 dono
1578 3527 1770 3610 regis.
1914 3548 1959 3589 n
2011 3546 2237 3589 manus
2293 3523 2482 3589 Nort-

254 3633 654 3692 mannorum,
701 3633 828 3697 qua
880 3619 1014 3676 arte
1064 3611 1401 3691 nescimus,
1461 3610 1530 3672 in
1581 3610 1879 3698 proximo
1933 3609 2069 3674 sitis
2124 3608 2481 3674 deventuri.

255 3693 344 3768 Et
386 3695 542 3782 quid
585 3716 660 3758 su
708 3718 779 3760 er
819 3692 916 3758 his
974 3691 1092 3759 tibi
1132 3693 1343 3758 visum
1394 3692 1605 3776 fuerit,
1660 3693 1864 3760 amico
1904 3715 2023 3780 per
2063 3714 2180 3758 nos
2221 3715 2323 3759 res
2373 3714 2481 3757 on·

255 3777 409 3847 dere
450 3801 532 3844 ne
575 3777 642 3842 di
691 3779 871 3844 eras'.
955 3776 1070 3842 Ille
1114 3775 1460 3865 cupiditate
1513 3776 1761 3860 ductus,
1813 3777 2240 3864 proditionem
2283 3717 2483 3846 agdu-

255 3860 419 3929 bitat
430 3863 466 3928 f.
552 3862 838 3927 Herebat
904 3883 1058 3950 ergo
1109 3872 1399 3946 stupens.
1483 3862 1797 3948 Proponit
1846 3863 1970 3930 sibi
2022 3861 2282 3926 tandem
2337 3883 2482 3950 pro-

377 4025 423 4078 a)
457 4038 498 4078 a,
532 4028 549 4066 l
581 4026 693 4068 absc.
827 4025 875 4078 b)
901 4031 1003 4077 poet
1034 4027 1134 4069 add.
1253 4023 1294 4076 c)
1327 4026 1459 4074 regia
1490 4027 1533 4067 1.
1647 4023 1701 4077 11)
1732 4025 1795 4064 ita
1825 4025 1904 4074 1’.,·
1942 4024 2195 4065 vocabulum
2224 4025 2266 4064 ei
2294 4024 2485 4065 meabat

254 4091 354 4136 post
382 4087 430 4126 in
462 4087 555 4136 fine
591 4087 780 4136 paqinae
817 4085 1058 4136 suppletum
1097 4086 1185 4125 iam
1223 4085 1306 4135 1092·
1345 4085 1505 4136 nequit.
1627 4082 1672 4138 e)
1700 4084 1743 4127 h.
1775 4083 1862 4124 tibi
1894 4085 1935 4124 l.
2056 4081 2093 4135 f)
2124 4095 2171 4135 p.
2202 4085 2399 4135 apondet
2429 4094 2485 4124 ao

258 4145 435 4186 iuratus
467 4145 605 4187 fidem
636 4145 714 4186 dat
745 4145 786 4197 1,
816 4146 890 4185 aad
919 4157 1016 4185 mox
1045 4145 1124 4185 del.

411 4265 466 4333 1)
503 4267 659 4319 Haec
697 4267 929 4319 breviter
965 4264 1126 4317 Flod.
1163 4281 1212 4317 a.
1253 4265 1376 4318 939.
1415 4268 1614 4316 narrat.
1764 4263 1823 4331 2)
1860 4262 2169 4316 Montreuil.

2494 2998 2511 3017 *
2524 3001 2605 3044 fol.
2640 3003 2709 3046 17.
