3059 4834
567 275 672 324 110
830 349 845 370 ι
1100 271 1408 325 RICHERI
1444 271 1948 325 HISTORIARUM
1985 273 2207 325 LIBER
2243 273 2351 328 111.

443 427 546 471 27³.

313 481 334 504 ⁶
354 486 441 528 fol.
474 487 545 528 38.

737 442 839 506 67.
914 439 1209 506 *Ottonis
1253 442 1572 526 promotio
1619 442 1752 525 (aa)
1796 438 2177 505 Germanis⁸
2220 450 2286 505 et
2324 440 2604 526 Belgis⁸.

735 543 894 607 Post
967 540 1214 606 obitum
1280 543 1499 606 domni
1558 540 1812 607 Ottonis
1867 541 2336 607 Germanorum
2394 545 2569 628 regis
2623 546 2818 608 eiusb

569 625 738 690 filius
772 627 925 692 Otto
970 648 1009 690 a
1040 626 1377 691 Germanis
1404 624 1751 711 Belgisque
1781 649 1899 692 rex
1941 636 2190 690 creatus
2207 639 2252 709 ⁰,
2295 649 2433 692 rem
2476 627 2820 714 publioem

572 719 826 774 strenue
870 719 1061 795 atque
1104 709 1343 775 utiliter
1370 710 1894 792 amministravit3
1936 711 2037 775 vir
2064 712 2286 795 magni
2310 712 2556 796 ingenii
2584 714 2818 777 totius-

568 815 691 879 que
734 794 1007 875 virtutis,
1064 791 1422 858 liberalium
1465 793 1821 858 litterarum
1878 795 2144 859 scientia
2197 793 2406 858 clarus
2419 796 2467 877 ⁴¹,
2526 795 2693 860 adeo
2738 806 2820 861 ut

564 879 634 941 in
678 877 1067 963 disputando
1113 900 1197 942 ex
1250 887 1387 943 arte
1430 887 1493 942 et
1535 887 1923 962 proponeret
1964 888 2028 942 et
2077 877 2495 962 probabiliter
2549 879 2814 944 conclu-

565 961 762 1026 deret.
851 962 1059 1026 Penes
1104 983 1298 1047 quem
1351 983 1624 1045 regnum
1670 962 2054 1027 Germaniae
2097 984 2247 1025 cum
2293 961 2651 1026 Galliarum
2695 963 2812 1028 ali-

609 1067 693 1145 ua
734 1055 917 1131 parte
959 1067 1036 1109 us
1082 1067 1164 1144 ue
1208 1045 1291 1109 ad
1336 1044 1508 1108 diem
1550 1046 1720 1109 vitae
1762 1046 1897 1144 eius
1927 1061 2310 1144 supremum
2359 1048 2629 1129 mansit,
2673 1048 2812 1146 ‘sed

565 1129 910 1279 &alfii-‘1¹23
950 1128 1171 1298 ..2243
1227 1128 2075 1299 {ffssafflmetfflssffiussf
2077 1139 2388 1278 Βῗὲωέθ
2425 1130 2522 1279 1έῖ
2525 1129 2814 1303 Ἑῗιῗὲἕέ

559 1299 831 1364 victoria
881 1296 1019 1361 fuit.
1106 1296 1365 1362 Etenim
1409 1318 1557 1360 cum
1576 1297 1597 1338 f
1635 1295 1715 1361 ab
1763 1295 1999 1362 Ottone
2042 1295 2307 1380 Belgica
2359 1307 2684 1364 teneretur
2744 1310 2814 1364 et

560 1405 600 1446 a
621 1381 924 1446 Lothario
948 1382 1381 1465 impeteretur,
1405 1390 1628 1444 contra
1671 1402 1740 1443 se
1784 1379 1961 1444 dolos
2004 1391 2116 1445 aut
2154 1382 2324 1446 vires
2354 1380 2810 1466 moliebantur,

561 1486 637 1530 eo
683 1463 855 1552 quod
899 1473 1169 1548 uterque
1214 1474 1278 1527 et
1320 1485 1505 1526 suum
1548 1473 1798 1549 patrem
1857 1486 1998 1528 eam
2047 1466 2332 1530 tenuisse
2387 1466 2811 1532 contenderet

562 1558 627 1613 et
670 1548 1072 1613 exercituum
1114 1546 1519 1611 multitudine
1574 1556 1841 1633 uterque
1884 1570 2025 1612 eam
2080 1570 2149 1612 se
2207 1547 2616 1614 defensurum
2667 1573 2808 1615 non

562 1631 898 1697 diffideret.
996 1628 1165 1694 Nam
1222 1640 1286 1693 et
1336 1629 1653 1693 Ludovici
1669 1679 1687 1712 ,
1791 1633 1944 1695 atris
1987 1630 2294 1715 Lotharii‚
2352 1632 2490 1716 fuit,
2545 1644 2609 1698 et
2658 1637 2809 1699 eius

560 1724 710 1863 {pst
752 1714 920 1778 dono
965 1713 1153 1777 huius
1186 1713 1443 1778 Ottonis
1484 1722 1669 1813 pater
1775 1724 1868 1779 tto
1914 1713 2192 1780 obtinuit
2207 1729 2248 1780 ¹.
2333 1715 2589 1781 Horum
2633 1741 2800 1804 ergo

612 1798 922 1863 'scordiae
965 1797 1359 1862 incentivum
1402 1799 1795 1883 principium
1836 1797 2104 1884 Belgica
2153 1799 2289 1864 fuit.

928 1920 1027 1984 68.
1113 1917 1476 2004 Indignatio
1495 1930 1525 1972 8
1565 1917 1855 1982 Lotharii
1895 1920 2005 1982 ing
2049 1917 2372 1985 Ottonem.

437 2043 538 2086 9⁵18.
729 2023 938 2108 Igitur
964 2023 1033 2085 in
1055 2019 1111 2084 A
1162 2021 1343 2085 uensi
1365 2018 1605 2106 palatio
1632 2021 1868 2086 Ottone
1887 2030 2326 2086 commorante
2351 2043 2499 2086 cum
2523 2025 2806 2108 coniuge

557 2107 917 2193 Teuphanu
956 2106 1139 2191 gravi
1187 2106 1284 2185 ah,
1330 2103 1670 2168 Lotharius
1711 2102 1891 2167 illum
1931 2105 2200 2190 propius
2243 2107 2592 2171 accessisse
2624 2128 2808 2172 acer·

556 2195 717 2257 rime
759 2201 969 2255 motus
1012 2188 1487 2288 indignabatur.
1558 2187 1735 2272 Ergo
1766 2188 2160 2252 Francorum
2189 2188 2418 2253 ducem
2448 2189 2807 2275 Hugonem

554 2274 960 2361 reliquosque
1001 2295 1185 2358 regul
1226 2272 1533 2358 primates
1577 2270 1912 2336 consilium
1941 2273 2255 2358 petiturus
2285 2273 2582 2337 Lauduni
2610 2274 2806 2341 colle-

554 2359 668 2446 git.
764 2358 925 2422 Dux
967 2358 1182 2443 itaque
1238 2357 1568 2442 processit.
1655 2354 1912 2441 Reliqui
1954 2356 2193 2438 etiami,
2253 2357 2486 2442 quibus
2539 2380 2804 2445 quoque

556 2441 1019 2507 consulendum
1076 2451 1212 2505 erat
1226 2489 1242 2522 ,
1308 2448 1455 2503 ante
1509 2460 1732 2524 regem
1788 2449 2248 2526 consequenter
2299 2440 2564 2505 admissi
2629 2452 2803 2509 sunt.

556 2525 809 2607 Quibus
851 2524 1299 2605 residentibuS,
1343 2545 1461 2588 rex
1504 2522 1829 2608 duplicem
1858 2523 2158 2587 iniuriam
2200 2523 2326 2588 sibi
2367 2523 2609 2590 illatam
2652 2549 2804 2594 esse

555 2615 1031 2690 commemorat,
1078 2630 1226 2672 cum
1269 2608 1452 2691 regni
1494 2608 1593 2670 sui
1634 2628 1785 2692 pars
1828 2605 1911 2670 ab
1954 2606 2134 2672 hoste
2176 2618 2488 2694 usurpata
2515 2610 2706 2675 fuerit
2735 2622 2808 2676 et

552 2695 691 2778 ipse
734 2692 933 2758 hostis
976 2691 1061 2756 ad
1103 2693 1264 2756 fines
1310 2712 1459 2754 suos
1501 2692 1875 2755 temerarius
1930 2693 2288 2757 accesserit.
2374 2693 2512 2758 Nec
2565 2695 2806 2759 maiori

550 2777 821 2841 iniuriae
864 2798 1024 2857 esse,
1068 2775 1240 2862 quod
1256 2776 1287 2816 Β
1328 2775 1628 2855 tenuerit,
1717 2795 1864 2837 uam
1887 2777 2040 2872 quia
2079 2785 2301 2840 tenens
2342 2777 2428 2841 ad
2456 2777 2616 2842 fines
2645 2800 2806 2844 suos

552 2858 856 2924 accedere
920 2879 1050 2923 non
1111 2857 1566 2923 formidaverit.
1672 2796 1768 2922 (ge
1833 2867 2028 2922 etlam
2091 2859 2159 2924 id
2220 2860 2426 2925 multa
2487 2861 2802 2928 aviditate

550 2943 776 3008 ulcisci
818 2941 998 3024 velle,
1042 2943 1097 3005 si
1140 2940 1406 3005 consilio
1449 2962 1567 3004 suo
1611 2940 1809 3006 velint
1851 2941 2094 3008 cedere.
2180 2942 2318 3008 Nec
2361 2967 2554 3029 posse
2597 2969 2665 3011 se
2709 2949 2802 3014 ab

318 3037 395 3092 ⁶1>-
428 3041 529 3082 628·
549 3026 673 3091 hoc
716 3027 930 3091 animo
974 3025 1335 3124 temperari,
1380 3026 1435 3088 si
1480 3024 1601 3089 *ad
1643 3024 1712 3087 id
1753 3024 2073 3109 agendum
2116 3027 2307 3113 copia
2349 3028 2620 3098 militum
2663 3053 2805 3096 non

549 3111 871 3177 defecerit.
959 3107 1215 3174 Gratias
1274 3109 1465 3173 etiam
1525 3130 1665 3173 sese
1724 3108 2108 3195 quandoque
2162 3111 2583 3197 redditurum,
2630 3115 2684 3178 si
2727 3116 2804 3181 id

550 3194 726 3282 quod
769 3195 945 3280 cupit
984 3215 1191 3279 aequo
1234 3193 1448 3257 animo
1490 3191 1880 3256 adoriantur.

744 3315 845 3380 69.
931 3313 1247 3399 Impetus¹
1292 3311 1624 3376 Gallorum
1667 3314 2084 3398 spontaneus¹
2126 3315 2194 3377 in
2239 3313 2544 3380 Ottonem
2559 3319 2596 3381 ¹.

715 3417 875 3481 Mox
920 3415 1053 3480 dux
1097 3427 1160 3481 et
1202 3414 1312 3479 alii
1351 3416 1656 3499 primates
1700 3414 1836 3478 sine
1879 3413 2275 3480 deliberandi
2326 3417 2806 3487 consultatione

550 3501 931 3566 sententiam
974 3500 1219 3585 regiam
1272 3497 1584 3564 attollunt.
1672 3498 1828 3564 Sese
1887 3508 2114 3585 sponte
2169 3501 2372 3565 ituros
2427 3523 2575 3566 cum
2617 3526 2800 3588 rege,

550 3594 613 3649 et
657 3584 962 3649 Ottonem
1001 3593 1113 3647 aut
1154 3582 1724 3666 comprehensuros
1781 3593 1893 3647 aut
1948 3583 2388 3649 interfecturos
2443 3597 2558 3652 aut
2612 3586 2802 3673 fuga-

549 3678 745 3750 turos,
787 3666 1188 3753 pollicentur.
1259 3668 1472 3731 Huius
1496 3665 1834 3731 consilium
1875 3668 2163 3751 negotii*
2207 3667 2680 3735 dissimulatum
2707 3672 2802 3737 ad

696 3829 745 3899 *)
785 3846 832 3882 c.
870 3834 1107 3881 tractmt
1143 3833 1304 3896 atque
1344 3830 1593 3881 ordinant
1631 3829 1777 3880 Galli
1816 3827 2023 3881 Celtae.
2097 3830 2253 3893 Quod
2295 3831 2426 3884 add.
2469 3834 2520 3884 1.

667 3975 714 4029 a)
747 3987 777 4016 ι
806 3977 914 4026 ἄεις
957 3976 1023 4026 is,
1066 3985 1088 4014 s
1118 3975 1233 4015 abeo.
1353 3973 1401 4026 b)
1433 3974 1687 4014 vocabulum
1715 3985 1902 4015 erasum
2024 3973 2066 4026 c)
2110 3975 2318 4018 elevatus
2350 3979 2391 4020 1.
2545 3976 2592 4029 d)
2624 3991 2647 4020 e
2675 3992 2800 4025 σον-ν.

548 4033 592 4086 e)
622 4036 895 4086 plerumque
939 4036 979 4078 1.
1138 4031 1175 4085 f)
1208 4044 1313 4073 eum
1356 4054 1407 4064 —
1443 4037 1680 4074 teneretur
1718 4033 1820 4072 aliis
1860 4034 1998 4073 eratin
2037 4039 2076 4074 u
2115 4035 2322 4076 vocabulo
2366 4037 2600 4078 diceretur
2641 4041 2797 4085 deleto.

548 4091 596 4145 g)
630 4095 693 4145 io,
726 4105 756 4133 n
786 4094 899 4135 abac.
1035 4090 1084 4144 h)
1117 4093 1167 4133 in
1196 4094 1289 4133 loco
1319 4104 1439 4132 raso.
1573 4091 1611 4145 i)
1641 4102 1826 4141 quoque
1861 4094 1900 4135 1.
2035 4092 2086 4145 k)
2119 4096 2157 4134 si
2188 4098 2346 4136 teneat
2378 4098 2420 4138 1.
2539 4095 2577 4149 l)
2611 4109 2683 4152 us,
2717 4111 2798 4153 on,

546 4151 796 4206 0(ttonem)
828 4153 942 4192 abac.

698 4249 753 4317 1)
790 4250 1033 4316 Nugatur
1070 4245 1350 4298 Richerus.
