3059 4834
643 291 744 342 1216
1113 290 1419 342 RICHERI
1455 288 1958 342 HISTORIARUM
2001 289 2223 341 LIBER.
2259 290 2396 341 1111.

520 468 620 511 ⁹⁹⁵·
638 481 807 523 nuno
849 468 997 544 post
1037 465 1132 521 tot
1174 457 1655 522 ammonitiones
1698 456 2001 522 domnum
2045 456 2212 521 hunc
2244 455 2545 522 abbatem
2572 457 2855 523 Leonem

441 526 546 570 ¹³¹²·
582 530 619 568 ²·
640 551 702 607 et
741 541 1126 613 monachum
1169 541 1416 605 mittere
1459 540 1691 622 voluit,
1752 543 1860 626 qui
1917 542 2089 605 vices
2144 562 2289 604 suas
2346 551 2559 607 teneat
2617 551 2681 606 et
2722 564 2850 607 rem

638 635 1052 691 memoratam
1093 622 1280 688 nobis
1323 623 1805 688 oboedientibus
1849 623 2176 688 discuciat.
2261 624 2387 689 Per
2472 648 2620 690 uem
2666 626 2846 690 etiam

639 711 943 795 scriptum
987 730 1136 773 suae
1179 707 1518 772 voluntatis
1562 706 1892 793 allegavit,
1945 718 2043 789 ut,
2098 709 2152 771 si
2238 707 2353 772 uid
2396 730 2431 773 o
2479 708 2633 773 livio
2679 709 2843 773 dero-

635 803 841 878 garet,
901 795 1025 857 scri
1071 801 1136 856 to
1193 791 1707 857 commendatum
1754 791 2109 857 haberetur.
2258 792 2389 857 uod
2427 802 2492 857 et
2532 794 2848 879 inpresen-

635 880 864 941 tiarum
909 899 991 940 au
1038 879 1127 941 ire
1170 874 1322 940 utile
1365 878 1497 940 est'.
1583 875 1669 940 Et
1712 877 1924 941 statim
1975 874 2239 962 protulit
2298 878 2609 961 scriptum
2663 887 2851 963 atque

634 964 701 1025 in
736 983 920 1026 aures
951 959 1413 1025 considentium
1442 961 1751 1042 recitavit,
1798 958 1986 1045 quod,
2020 961 2171 1046 quia
2198 959 2495 1025 brevitati
2526 961 2853 1025 studemus

637 1054 700 1110 et
739 1043 924 1109 nobis
967 1045 1176 1108 minus
1231 1043 1354 1108 suit
1405 1042 1921 1126 accommodum,
1978 1044 2209 1108 nostris
2268 1044 2523 1129 scriptis
2580 1046 2851 1110 inserere

631 1130 972 1196 vitavimus
988 1142 1032 1191 ¹.

785 1286 921 1350 101.
1010 1284 1232 1350 Oratio
1279 1282 1612 1348 Gerberti⁸
1654 1306 1770 1369 pro
1816 1306 1882 1348 se
1924 1284 2029 1347 inb
2075 1282 2387 1347 concilioa
2429 1286 2717 1349 recitata.

803 1387 958 1451 Post
1001 1388 1181 1451 cuius
1246 1386 1683 1449 recitationem
1730 1384 2079 1449 Gerbertus
2138 1387 2414 1450 surrexit
2468 1394 2534 1450 at
2579 1408 2658 1449 ue
2722 1408 2856 1450 ora-

634 1471 869 1536 tionem
912 1492 1028 1556 pro
1074 1492 1141 1535 se
1185 1470 1484 1555 scriptam
1528 1471 1596 1532 in
1640 1469 1907 1533 concilio
1951 1489 2104 1533 mox
2146 1470 2455 1533 recitavit.
2606 1471 2855 1556 atisque

635 1554 808 1639 apud
849 1553 988 1617 illos
1031 1553 1380 1618 luculenter
1422 1553 1759 1638 peroravit.
1848 1552 1975 1617 Sed
2003 1552 2168 1617 hanc
2198 1553 2431 1618 addere
2459 1553 2565 1617 hic
2592 1552 2857 1639 placuit,

681 1637 807 1702 uod
850 1636 1038 1723 plena
1078 1637 1428 1701 rationibus
1473 1635 1813 1734 plurimam
1854 1634 2076 1701 lectori
2120 1635 2455 1702 utilitatem
2504 1649 2857 1723 comparat.

637 1659 834 1787 auius
877 1729 1090 1785 textus
1131 1719 1493 1784 huiusmod1
1537 1721 1750 1784 est⁰·*:

399 1905 424 1926 a
449 1922 494 1961 p.
514 1908 614 1952 655.
775 1894 832 1962 ⁴⁸)
1445 1892 1466 1916 ’⁸‘
1483 1891 1654 1961 (102.)
1730 1893 2037 1947 Exordium.

871 1989 1111 2054 ‘Semper
1158 1988 1401 2053 quidem,
1451 1987 1863 2038 reverentissimi
1898 1990 2103 2053 patres,
2156 1986 2297 2036 hanc
2348 1985 2488 2036 diem
2538 2002 2633 2052 pre
2683 1986 2855 2037 oculis

869 2062 1060 2124 habui,
1111 2076 1204 2127 spe
1255 2076 1319 2109 ac
1371 2066 1492 2111 voto
1532 2060 1601 2109 ad
1642 2074 1756 2109 eam
1796 2058 2028 2123 intendi,
2080 2074 2145 2109 ex
2194 2074 2297 2125 quo
2346 2074 2379 2108 a
2420 2058 2666 2111 fratribus
2714 2060 2847 2109 meis

871 2134 1199 2197 admonitus,
1250 2148 1381 2185 onus
1421 2135 1521 2183 hoc
1573 2132 1860 2183 sacerdotii
1906 2147 2013 2183 non
2050 2134 2163 2183 sine
2214 2132 2451 2198 periculo
2505 2132 2691 2199 capitis
2740 2134 2846 2181 mei

870 2208 1024 2259 subii.
1100 2208 1258 2257 Tanti
1296 2212 1412 2256 erat
1449 2206 1591 2273 apud
1630 2221 1714 2255 me
1752 2207 2021 2272 pereuntis
2056 2206 2240 2272 populi
2280 2204 2454 2269 salus,
2504 2206 2640 2256 tanti
2673 2212 2849 2256 vestra

869 2282 1184 2342 auctoritas,
1237 2296 1343 2345 qua
1379 2295 1463 2329 me
1501 2284 1670 2330 tutum
1719 2278 1831 2328 fore
1883 2279 2267 2329 existimabam.
2298 2279 2303 2283 ’
2342 2277 2689 2330 Recordabar
2733 2294 2853 2345 pre-

869 2356 1140 2405 teritorum
1167 2352 1559 2414 beneficiorum,
1589 2352 1759 2403 dulcis
1786 2355 1946 2416 atque
1966 2351 2193 2402 affabilis
2214 2352 2607 2403 benivolentiae
2626 2356 2853 2415 vestrae,

872 2443 976 2494 qua
1031 2442 1412 2493 saepenumero
1471 2442 1589 2475 cum
1642 2423 1813 2479 ¹multa
1856 2424 2017 2475 laude
2064 2427 2409 2492 prestantium
2458 2440 2583 2476 usus
2630 2425 2853 2475 fueram.

871 2501 1005 2552 Cum
1043 2515 1171 2550 ecce
1209 2493 1455 2550 subitusd
1493 2515 1669 2549 rumor
1726 2514 1821 2549 vos
1873 2498 2099 2549 offensos
2149 2500 2384 2550 insinuat
2432 2499 2669 2563 vitioque
2723 2498 2853 2548 dare

869 2574 1110 2637 laborat,
1169 2572 1310 2639 quod
1369 2587 1565 2637 magna
1620 2577 1861 2638 paratum
1917 2572 2109 2623 virtute
2167 2573 2305 2622 inter
2362 2571 2495 2622 alios
2552 2572 2852 2622 constabat.

868 2648 1090 2708 Hormi,
1137 2646 1335 2709 fateor3
1401 2650 1455 2695 et
1503 2660 1635 2710 quos
1684 2650 1806 2693 ante
1857 2644 2207 2695 formidabam
2256 2643 2496 2709 gladios,
2558 2660 2651 2711 pre
2712 2644 2856 2694 indi-

868 2722 1119 2785 gnatione
1156 2724 1334 2771 vestra
1369 2718 1671 2785 posthabui.
1744 2718 1897 2768 Nunc
1936 2718 2062 2783 quia
2098 2719 2329 2784 propitia
2348 2718 2631 2773 ,Divinitas
2672 2733 2856 2768 coram

871 2792 1116 2859 contulit,
1158 2793 1348 2857 quibus
1397 2790 1622 2843 salutem
1674 2806 1846 2840 meam
1897 2806 2105 2857 semper
2152 2792 2417 2851 commisi,
2468 2806 2642 2857 pauca
2693 2806 2858 2857 super

869 2866 1228 2916 innocentiam
1266 2880 1438 2915 meam
1476 2864 1727 2927 referam,
1781 2868 1833 2913 et
1872 2878 2098 2929 quonam
2140 2863 2360 2915 consilio
2404 2864 2524 2914 urbi
2566 2864 2856 2914 Remorum

871 2938 1109 3005 prelatus
1147 2939 1245 2988 sim
1287 2936 1593 2988 edisseram.
1668 2936 1786 3001 Ego
1827 2938 2021 3002 quippe
2060 2943 2181 3002 post
2218 2938 2417 2987 obitum
2462 2936 2572 2986 divi
2599 2936 2856 2989 otthonis

873 3012 1110 3075 augusti,
1159 3026 1277 3059 cum
1327 3012 1627 3061 statuissem
1677 3025 1783 3059 non
1834 3009 2109 3059 discedere
2162 3024 2195 3059 a
2245 3009 2496 3059 clientela
2541 3011 2708 3076 patris
2745 3010 2856 3060 mei

871 3084 1015 3135 beati
1042 3082 1410 3149 Adalberonis,
1453 3083 1520 3133 ab
1562 3082 1748 3133 eodem
1773 3083 2025 3147 ignorans
2052 3082 2121 3132 ad
2157 3082 2514 3134 sacerdotium
2551 3083 2852 3149 preelectus

869 3173 1013 3221 sum;
1073 3161 1232 3221 atque
1281 3156 1336 3206 in
1392 3157 1504 3208 eius
1558 3155 1796 3207 discessu
1854 3154 1924 3205 ad
1974 3156 2259 3207 Dominum
2321 3172 2497 3207 coram
2560 3155 2851 3207 illustribus

869 3232 996 3281 viris
1045 3231 1246 3281 futurus
1298 3229 1563 3281 ecclesiae
1601 3234 1793 3295 'pastor
1844 3228 2169 3293 designatus.
2258 3229 2364 3281 Sed
2404 3230 2709 3281 Simoniaca
2754 3228 2851 3279 he-

867 3306 1000 3355 resis
1037 3304 1093 3353 in
1118 3304 1262 3354 Petri
1287 3302 1559 3354 soliditate
1585 3318 1669 3353 me
1705 3306 1935 3353 stantem
1962 3304 2253 3365 inveniens,
2291 3302 2537 3369 reppulit,
2574 3301 2855 3353 Arnulfum

868 3377 1102 3443 pretulit.
1216 3375 1315 3427 Cui
1362 3382 1541 3427 tamen
1590 3375 1709 3442 plus
1758 3390 1913 3440 quam
1965 3378 2254 3443 oportuerit
2313 3374 2475 3426 fidum
2536 3376 2855 3441 obsequium

869 3450 1085 3516 prebui,
1151 3449 1320 3500 donec
1382 3466 1499 3499 eum
1548 3464 1644 3514 per
1690 3448 1883 3500 multos
1935 3454 1987 3499 et
2045 3465 2140 3515 per
2186 3464 2269 3499 me
2320 3454 2621 3516 apostatare
2670 3448 2859 3514 palam

871 3523 1204 3587 intelligens,
1254 3522 1378 3573 dato
1429 3522 1638 3587 repudii
1680 3520 1893 3584 libello,
1944 3537 2062 3572 cum
2111 3522 2353 3573 omnibus
2390 3523 2500 3572 suis
2539 3522 2860 3587 apostaticis

873 3595 1160 3661 dereliqui3
1199 3611 1305 3646 non
1342 3611 1455 3661 spe,
1494 3610 1595 3643 nec
1621 3596 1870 3657 pactione
1898 3595 2214 3661 capessendi
2241 3597 2353 3645 eius
2392 3596 2617 3658 honoriS,
2656 3600 2715 3645 ut
2748 3597 2863 3645 mei

871 3667 1065 3719 aemuli
1093 3668 1302 3732 dicunt,
1328 3668 1425 3719 sed
1451 3668 1793 3718 monstruosis
1814 3668 2061 3733 operibus
2082 3668 2318 3719 diaboli0
2337 3669 2563 3732 territus,
2588 3669 2645 3717 in
2671 3666 2863 3735 effigie

871 3742 1098 3793 hominis
1134 3740 1412 3792 latitantis.
1485 3741 1623 3804 Non,
1659 3741 1893 3807 inquam,
1931 3742 2053 3792 ideo
2090 3741 2238 3792 illum
2292 3740 2578 3806 dereliqui,
2636 3742 2734 3791 sed
2789 3758 2862 3791 ne

409 3832 442 3872 2
467 3830 618 3872 Paul,
871 3814 1004 3866 illud
1067 3815 1432 3881 propheticum
1492 3813 1843 3864 incurrerem:
1934 3814 2138 3881 “Impio
2199 3814 2391 3881 prebes
2452 3814 2736 3878 auxilium,
2803 3818 2859 3863 et

471 3890 542 3931 19.
574 3891 616 3931 2.

753 3959 798 4013 a)
831 3958 1098 4013 G(erberti),
1128 3960 1173 4000 io
1205 3960 1320 4001 abso.
1457 3957 1506 4017 b)
1540 3962 1585 4000 et
1615 3971 1642 3999 a
1673 3971 1721 3999 se
1752 3960 1899 4001 lectae
1933 3962 1973 4003 1.
2118 3958 2159 4010 c)
2182 3960 2343 4009 solium
2370 3964 2577 4008 assutum,
2608 3960 2676 4000 cui
2705 3960 2861 3999 oratio

636 4020 847 4069 inscripta
877 4025 984 4067 erat,
1009 4020 1154 4069 periit.
1205 4018 1262 4058 At
1291 4018 1489 4059 addimus
1519 4030 1611 4057 eam
1638 4019 1763 4068 infra
1794 4030 1843 4059 ατ
1872 4020 2011 4059 codice
2040 4018 2318 4068 Luqdunems·
2344 4020 2459 4059 inter
2473 4020 2593 4062 codd.
2620 4018 2865 4059 romanos

635 4078 691 4118 N.
723 4078 812 4129 54„
843 4078 918 4118 ubi
944 4079 1076 4117 multo
1107 4078 1378 4125 emendatior,
1421 4088 1549 4127 quam
1578 4078 1699 4128 apud
1728 4078 2042 4118 &ntur-iaceres
2078 4078 2306 4129 leqebaeur,
2349 4083 2477 4119 extat.
2610 4076 2657 4129 d)
2700 4079 2865 4119 subito

637 4138 895 4177 contrarius
925 4138 987 4179 ed.
1107 4136 1150 4188 e)
1181 4138 1290 4176 deest
1321 4147 1384 4184 c.;
1417 4148 1458 4176 o.
1489 4136 1664 4177 diaboli
1692 4138 1875 4177 virtutis
1904 4138 1953 4177 in
1985 4138 2047 4177 ed.

788 4266 844 4333 1)
882 4268 1068 4334 Neque
1107 4269 1251 4335 apud
1291 4269 1603 4331 Gerbertum
1640 4270 1849 4337 legitur.
