3059 4834
751 267 1056 319 RICHERI
1093 267 1601 319 HISTORIARUM
1636 268 1858 318 LIBER
1896 269 1941 319 1.
2396 269 2464 318 29

240 437 450 498 nimus
493 435 796 520 gradivea
841 438 909 497 in
950 434 1196 496 hostem
1239 432 1566 497 accelerat.
1638 434 1935 499 Procedit
1978 456 2230 521 quoque
2272 437 2461 500 tiran-

239 543 378 601 nus,
424 522 637 583 animo
682 541 812 582 non
854 521 1084 603 impar,
1129 526 1195 579 at
1236 516 1593 602 legionibus
1638 519 1865 601 potior.

336 640 436 704 46.
512 638 762 702 Bellum
806 639 970 700 inter
1009 637 1319 700 Karolum
1365 646 1426 700 et
1467 636 1843 701 Rotbertum
1889 639 2145 724 eiusque
2189 639 2362 724 fuga.

411 740 661 820 Quibus
705 741 1021 825 utrimque
1064 740 1216 802 visis
1263 740 1634 820 comminuS‚
1682 761 1827 802 cum
1869 742 2149 804 maximo
2185 741 2459 806 clamore

239 827 492 909 utrique
547 826 861 888 exercitus
919 824 1118 907 signis
1173 822 1412 888 infestis
1470 832 1868 887 concurrunt.
1970 823 2457 911 Congressique,

239 909 562 971 innumeri
602 907 748 970 hinc
790 907 938 971 inde
983 916 1299 971 corruunt.
1385 906 1472 970 Et
1498 906 1840 971 Rotbertus
1873 907 2131 992 quidem
2168 930 2286 972 rex
2316 931 2461 972 cum

241 993 312 1054 in
355 994 694 1055 certamine
736 993 989 1076 ignotus
1034 1000 1201 1054 esset
1243 1001 1308 1054 et
1347 989 1494 1054 hinc
1536 990 1685 1055 inde
1727 989 2009 1054 feriendo
2054 1001 2185 1055 toto
2232 1013 2458 1080 campo

241 1075 494 1156 fureret,
539 1099 577 1139 a
619 1076 958 1139 coniuratis
1004 1095 1155 1138 cons
1206 1083 1378 1138 ectus
1391 1076 1438 1156 ¹³,
1484 1097 1566 1138 an
1608 1076 1746 1159 ipse
1790 1085 1971 1156 esset,
2016 1076 2457 1161 interrogatur.

241 1158 332 1222 At
374 1158 477 1222 ille
519 1159 888 1244 intrepidus,
944 1180 1099 1222 mox
1187 1157 1407 1222 arbam
1451 1157 1808 1223 obvelatam
1854 1159 2131 1244 detegit⁰
2195 1182 2459 1245 seseque

243 1265 382 1306 esse
440 1245 814 1323 monstratd‚
880 1241 1080 1306 multa
1130 1244 1196 1306 vi
1249 1243 1317 1305 in
1369 1241 1742 1322 Fulbertum
1795 1243 2167 1306 *comiteme
2221 1243 2458 1308 sermm

241 1326 520 1391 vibrans
607 1326 721 1390 Ille
763 1349 934 1407 vere,
976 1325 1188 1390 loetali
1241 1327 1373 1389 ictu
1427 1326 1753 1411 acceptos,
1807 1326 1889 1390 ab
1935 1349 2010 1390 eo
2054 1327 2121 1389 in
2165 1327 2457 1392 dextram

243 1410 621 1508 obliquatur.
707 1410 794 1474 Et
835 1412 926 1473 sic
969 1433 1086 1495 per
1126 1409 1356 1473 loricae
1399 1412 1717 1474 manicam
1744 1409 1965 1474 lancea
1992 1432 2141 1474 eum
2168 1413 2236 1473 in
2264 1411 2457 1476 latere

240 1496 620 1579 gravlssimo
665 1496 793 1558 ictu
836 1496 1076 1558 sauciat
1116 1515 1361 1558 necnon
1405 1504 1466 1557 et
1507 1516 1625 1579 per
1667 1516 1822 1579 epar
1860 1504 2048 1578 atque
2088 1494 2457 1580 pulmonem

241 1587 306 1641 et
335 1580 569 1641 sinistri
610 1577 822 1641 lateris
864 1577 1330 1662 ypocundriam
1358 1575 1595 1640 ferrum
1624 1599 1824 1662 usque
1855 1580 1922 1640 in
1952 1577 2227 1663 clipeum
2256 1589 2456 1643 trans-

240 1663 374 1746 igit,
421 1671 524 1726 etg
567 1663 1020 1746 circumseptus
1053 1660 1134 1725 ab
1164 1660 1323 1742 aliis,
1375 1671 1618 1746 septem
1670 1660 1907 1724 lanceis
1948 1661 2273 1726 confossus
2314 1685 2455 1748 pre-

243 1747 578 1830 cipitatush
611 1747 843 1809 corruit
885 1745 1301 1831 diriguitque3
1346 1744 1704 1830 *multoque
1734 1744 2101 1810 Fulbertusi
2134 1747 2316 1810 moxi
2347 1769 2453 1810 ex-

240 1829 500 1894 haustus
545 1831 847 1914 sanguine
892 1831 994 1892 etk
1038 1831 1202 1893 inter
1244 1838 1551 1893 certantes
1594 1838 1877 1893 mortuus
1923 1829 2168 1894 cecidit.
2256 1830 2453 1896 Inter-

243 1924 455 1998 empto
499 1936 649 1977 vero
693 1912 1017 1994 Rotbert0‚
1071 1922 1245 1976 tanta
1285 1914 1352 1977 vi
1396 1912 1608 1976 caedis
1662 1921 1924 1997 uterque
1968 1912 2235 1977 deseviit
2276 1937 2454 1979 exer-

244 1998 422 2080 citus,
477 2006 546 2060 ut
588 1999 654 2058 in
696 2007 875 2082 parte
930 1997 1096 2060 eius¹
1144 1997 1436 2076 11349111,
1490 1998 1559 2058 in
1601 2004 1780 2081 parte
1823 2016 1975 2059 vero
2018 1996 2243 2060 Karoli
2286 1997 2455 2061 7118

242 2105 282 2145 a
323 2081 683 2145 Flodoardo
729 2079 1077 2164 presbitero
1120 2077 1284 2143 ferro
1341 2080 1651 2142 interiisse
1708 2078 2094 2163 descriptum
2147 2080 2228 2142 sit
2244 2091 2283 2144 ¹.
2370 2079 2458 2143 Et

240 2168 372 2230 iam
415 2164 674 2250 quidem
696 2163 939 2227 ·Karoli
978 2164 1246 2226 victoria
1285 2161 1640 2242 videbatur,
1697 2184 1773 2225 eo
1819 2162 2009 2247 quod,
2062 2164 2309 2226 tiranno
2355 2185 2456 2227 oc-

244 2250 396 2326 ciSO,
428 2249 539 2332 qui
566 2246 732 2309 illius
747 2260 774 2289 ¹¹
802 2246 1051 2310 fuerant
1077 2248 1144 2308 in
1170 2246 1389 2329 fugam
1416 2245 1803 2327 ferebantur3
1848 2267 1994 2308 cum
2023 2268 2171 2310 ecce
2186 2257 2212 2288 ⁰
2241 2245 2457 2332 Hug0‚

243 2331 536 2394 Rotberti
561 2329 748 2410 filius,
778 2331 889 2393 vix
929 2329 1137 2393 adhuc
1181 2329 1553 2414 pubescenS,
1598 2330 1665 2392 in
1707 2327 1975 2427 prelium
2004 2329 2085 2392 ab
2115 2330 2455 2408 Heriberto

248 2413 582 2478 deducitur
623 2415 1054 2498 succurritque
1097 2412 1473 2477 labentibus.
1560 2413 1646 2476 Et
1686 2412 1833 2476 hcet
1862 2434 2007 2476 cum
2038 2415 2237 2501 copiis
2268 2414 2456 2478 adve-

245 2499 465 2579 neritv,
529 2507 760 2578 tamen,
825 2506 1041 2582 utpote
1137 2499 1204 2560 ui
1266 2507 1487 2582 patrea
1551 2498 1783 2561 amisso
1849 2518 2066 2560 omnes
2131 2507 2457 2583 suspectos

242 2581 521 2646 habebat
571 2580 868 2667 nulloque
911 2582 1072 2644 duce
1094 2519 1307 2646 (li-etus
1350 2590 1501 2662 erat,
1560 2603 1600 2644 a
1641 2579 1791 2644 belli
1841 2579 2141 2646 violentia
2200 2583 2455 2667 quievit.

239 2664 407 2730 Illud
448 2673 693 2728 tantum
736 2663 1144 2729 memorabile
1158 2677 1180 2706 ¹·
1221 2664 1444 2728 fecisse
1486 2664 1753 2728 refertur
1766 2675 1787 2706 ⁸
1802 2713 1819 2746 ,
1874 2663 2046 2762 quod
2086 2665 2257 2729 nullo
2307 2667 2457 2730 resi-

239 2759 440 2816 stente
474 2748 684 2812 locum
726 2748 875 2812 belli
917 2750 1280 2834 occupavit‘
1324 2759 1386 2812 et
1414 2747 1867 2834 aliquantisper
1892 2770 1959 2810 m
1987 2770 2063 2812 eo
2094 2751 2282 2831 stetit,
2324 2752 2460 2814 acsi

239 2833 573 2898 manubias
602 2832 878 2897 hostium
908 2832 1286 2917 direpturus.
1352 2831 1541 2896 Unde
1576 2843 1640 2896 et
1670 2831 1795 2896 sibi
1826 2833 2031 2897 victor
2059 2833 2395 2898 videbatur
2408 2846 2457 2897 ⁰.

239 2917 513 2981 Karolus
555 2938 706 2985 vero
752 2916 833 2980 ob
851 2929 879 2959 v
921 2938 1142 2980 necem
1184 2917 1417 2981 tiranni
1459 2917 1728 2981 victoria
1767 2917 1959 3001 potiri
2002 2938 2139 2981 sese
2168 2916 2459 3002 putabat.

243 3001 706 3086 QuapropterW
748 3009 812 3064 et
852 3021 1085 3098 anceps
1127 3001 1392 3065 victoria
1433 3000 1571 3081 fuit,
1614 3022 1763 3064 cum
1806 2999 2063 3065 Celtae*
2108 3001 2459 3065 desertores

241 3106 460 3169 regem
511 3085 859 3147 extinctum
911 3085 1256 3166 amlserint‚
1312 3083 1589 3148 Karolus
1646 3105 1796 3149 vero
1810 3097 1840 3126 ¹
1896 3082 2052 3146 nihil
2108 3083 2456 3171 spoliorum

389 3226 437 3293 *)
477 3227 619 3279 Galli
654 3243 837 3294 regem
875 3228 1048 3279 subito
1091 3235 1326 3280 creatum
1365 3233 1469 3280 ext.
1512 3231 1561 3280 1.

359 3353 406 3406 a)
435 3357 788 3404 magnanimiter
827 3366 940 3398 corr.
973 3367 1034 3396 m.
1065 3366 1136 3404 gr.
1255 3353 1303 3407 b)
1336 3355 1384 3396 in
1413 3367 1551 3404 mas-9.
1673 3352 1715 3406 c)
1748 3364 1777 3395 a
1804 3355 1951 3395 lorica
1990 3354 2189 3394 extraxit
2214 3364 2333 3393 corr.
2366 3354 2456 3396 det.

241 3413 288 3466 d)
321 3416 595 3454 monstravit
636 3426 746 3454 corr.
794 3417 1031 3456 monstrat.
1181 3412 1224 3466 e)
1271 3415 1448 3454 dimidia
1485 3414 1657 3464 paqina
1702 3413 1804 3452 aliie
1848 3413 1985 3453 eram
2028 3423 2162 3451 manu
2208 3413 2233 3451 2
2278 3412 2456 3462 scripta.

239 3473 276 3525 f)
308 3484 419 3515 vero
453 3475 604 3523 clipeo
635 3475 775 3513 ictum
807 3474 1044 3523 excipiens
1074 3484 1188 3516 corr.
1219 3478 1268 3512 ut
1299 3474 1467 3514 editum.
1590 3471 1637 3524 g)
1666 3472 1854 3511 Irruunt
1886 3475 1931 3512 et
1963 3471 2319 3520 circumquaque
2351 3481 2456 3511 con·

238 3534 391 3575 iurati.
449 3532 492 3572 A
523 3533 688 3582 quibus
718 3533 964 3573 Rotbertue
994 3533 1337 3584 circumseptus,
1381 3535 1558 3582 septem
1588 3541 1702 3573 corr.
1730 3535 1779 3569 ut
1808 3531 1976 3572 editum.
2074 3529 2125 3582 h)
2157 3540 2196 3570 e.
2229 3530 2454 3571 occubuit.

239 3592 339 3639 Quo
371 3593 644 3641 interempto
686 3603 799 3631 corr.
840 3596 890 3630 ut
935 3592 1104 3633 editum.
1224 3590 1260 3643 i)
1286 3597 1387 3641 post
1416 3592 1517 3632 add.
1638 3587 1711 3656 k)-
1723 3589 1945 3638 cori-ignit
1982 3589 2137 3628 iterum
2175 3599 2291 3630 corr.
2326 3591 2373 3630 et
2403 3610 2455 3620 -

240 3669 419 3710 cecidit.
541 3667 576 3718 1)
609 3668 819 3708 Rotberti
857 3680 970 3710 corr.
1004 3669 1120 3711 eius.
1253 3666 1316 3719 m)
1357 3669 1420 3708 ita
1461 3667 1590 3717 mala,-
1650 3666 1737 3718 XI,
1781 3667 1829 3706 in
1868 3667 2061 3716 mat-qim
2090 3667 2238 3706 addito
2270 3665 2383 3708 000
2414 3670 2462 3708 et

240 3726 426 3780 (reliqua
455 3726 640 3778 abscisa)
671 3739 708 3767 c.
829 3725 878 3779 n)
912 3728 985 3767 nui
1014 3739 1126 3768 corr.
1158 3726 1300 3768 illiue.
1421 3724 1465 3778 o)
1498 3725 1767 3766 Heribertus
1796 3726 2041 3774 nugonem
2080 3725 2134 3767 Β.
2166 3725 2311 3766 filium
2355 3737 2460 3766 cum

237 3787 332 3826 iam
363 3787 689 3836 pubescentem
720 3787 768 3826 in
810 3797 855 3835 p.
888 3786 1072 3833 deducit
1112 3796 1228 3826 corr.
1259 3791 1306 3825 ut
1335 3785 1398 3826 ed.
1537 3782 1585 3835 p)
1620 3785 1893 3826 advenerint
1924 3807 1978 3815 —
2008 3784 2239 3824 habebant
2273 3807 2325 3816 --
2356 3785 2461 3826 freti

238 3849 372 3885 erant
406 3867 456 3876 -
488 3846 764 3894 quieverunt
792 3855 905 3886 corr.
936 3849 984 3883 ut
1014 3845 1078 3886 ed.
1207 3841 1255 3895 q)
1287 3855 1393 3893 rege
1432 3855 1545 3884 corr.
1592 3848 1736 3893 patre.
1872 3841 1912 3894 r)
1944 3844 2127 3892 insigne
2171 3855 2283 3885 corr.
2323 3854 2459 3884 mem.

237 3901 279 3954 s)
306 3903 569 3944 referuntur
595 3915 631 3946 c.
659 3903 914 3953 neqziqmtia
943 3904 1167 3952 scriptoris
1195 3903 1272 3951 qm·
1306 3904 1522 3952 pluralem
1565 3913 1788 3942 numerum
1820 3904 1868 3942 in
1901 3904 1979 3942 hac
2015 3907 2185 3942 tantum
2213 3912 2313 3942 voce
2343 3907 2381 3942 et
2410 3903 2460 3942 in

235 3963 388 4002 ultima
417 3962 626 4002 sententia
655 3972 747 4001 non
776 3962 974 4002 cerv-wit.
1092 3960 1128 4013 t)
1162 3965 1502 4011 occupaverunt
1519 3984 1574 3992 —
1596 3965 1821 4004 steterunt
1841 3983 1894 3994 —
1911 3962 2134 4012 direpturi
2164 3972 2281 4002 corr.
2309 3966 2359 4000 ut
2388 3962 2457 4002 ed.

237 4019 289 4072 u)
319 4023 517 4062 victores
548 4021 823 4062 videbantur
861 4032 897 4061 e.
955 4019 1038 4059 Sed
1079 4031 1128 4060 a
1164 4025 1278 4059 tatu
1317 4021 1469 4070 priore
1507 4022 1596 4060 iam
1634 4021 1764 4060 deleto
1795 4022 1943 4062 victor
1970 4021 2039 4060 sie
2075 4029 2177 4062 esse
2218 4019 2462 4061 videbatur

237 4080 321 4129 lem·
342 4085 493 4130 potat.
614 4078 661 4131 v)
694 4084 851 4130 utpote
880 4080 1063 4120 tiranno
1095 4079 1336 4119 interfecto
1359 4080 1491 4129 prior
1509 4080 1714 4120 uenatio
1746 4079 1810 4132 (1)
1833 4079 2053 4130 per-uehat.
2158 4077 2219 4132 w)
2251 4079 2383 4120 Unde
2418 4081 2459 4120 1.

239 4136 291 4189 x)
323 4139 420 4178 add.
453 4142 494 4180 2.

391 4232 445 4300 1)
483 4234 606 4285 Hoc
643 4250 745 4286 nec
781 4236 836 4285 in
873 4233 1170 4286 Annalibus
1208 4249 1308 4285 nec
1346 4234 1402 4284 iu
1438 4233 1578 4287 Hist.
1618 4235 1771 4286 Rem.
1807 4231 2023 4300 legitur.

2486 448 2589 492 923.

2480 1261 2497 1281 ⁶
2514 1266 2592 1309 fol.
2621 1268 2692 1309 12.

2475 1760 2491 1779 ⁸
2507 1775 2554 1814 p.
2589 1762 2691 1806 582.
