3059 4834
650 259 957 312 RICHERI
993 260 1493 313 HISTORIARUM
1528 261 1753 312 LIBER
1790 262 1896 315 ΙΙΙ.
2304 266 2408 315 115

169 424 596 511 disposuerit,
661 426 931 492 alterum
988 429 1123 492 acsi
1177 427 1436 493 fratrem
1493 428 1823 514 fidumque
1882 451 2139 495 suarum
2195 454 2410 497 rerum
2430 450 2532 491 oso.

163 518 449 575 tutorem
490 511 771 576 habebit.
855 510 1116 577 Placeat
1171 534 1321 597 ergo
1373 514 1791 577 serenissimis
1846 513 2104 600 regibus
2161 538 2295 602 pax
2349 527 2412 582 et

164 595 486 678 amicicia,
533 617 692 681 quos
738 596 1066 663 coniunxit
1095 596 1285 660 etiam
1315 597 1647 683 sanguinis
1678 596 1970 662 affinitaS.
2034 600 2410 666 Vinciantur

164 679 498 761 amicicia,
565 702 838 765 quorum
910 679 1280 745 dissidentia
1333 681 1429 744 rei
1480 679 1777 767 publicae
1831 680 2044 746 labem
2100 683 2289 750 infert
2348 695 2411 749 et

161 762 516 827 concordia
557 762 894 829 utilitatem
935 764 1376 829 accommodat
1418 765 1713 851 viresque
1757 766 2108 831 ministrat'.

622 958 723 1021 80.
809 957 1201 1043 Responsioa
1246 957 1500 1022 Ottonis
1543 956 1629 1021 ad
1673 955 1892 1021 Gallos
1906 968 1952 1022 ⁸.

339 1074 448 1139 Ad
489 1075 646 1141 haec
682 1077 868 1142 Otto:
911 1077 1132 1159 ‘Novi',
1176 1079 1399 1165 inquit,
1445 1086 1768 1164 ‘quantam
1810 1076 2022 1143 labem
2063 1079 2157 1142 rei
2199 1079 2404 1164 publi-

159 1181 281 1224 cae
344 1160 668 1225 discordia
722 1182 1138 1246 sepenumero
1193 1161 1432 1244 intulit,
1487 1184 1634 1226 cum
1689 1184 2032 1247 regnorum
2081 1164 2404 1248 principes

162 1254 392 1308 contra
451 1267 518 1308 se
573 1244 916 1330 aliquando
973 1243 1176 1309 moliti
1240 1257 1406 1311 sunt.
1504 1245 1642 1310 Nec
1699 1244 1857 1309 illud
1910 1247 2101 1309 etiam
2158 1247 2405 1333 ignore,

162 1338 408 1414 quanta
451 1328 619 1392 salus
662 1351 778 1414 per
820 1329 1148 1393 amiciciae
1189 1332 1488 1394 virtutem
1546 1332 1640 1393 rei
1694 1330 1988 1414 publicae
2041 1340 2407 1416 comparata

158 1414 268 1477 sit.
341 1412 594 1494 Fateor,
639 1411 945 1477 hactenus
987 1436 1091 1477 me
1129 1412 1478 1512 plurimum
1523 1412 1793 1482 coluisse
1835 1416 2097 1498 pacemh
2144 1426 2207 1479 et
2257 1437 2404 1479 con-

162 1496 486 1578 cordiam3
530 1496 804 1561 invidias
845 1504 1036 1582 atque
1081 1496 1431 1561 dlscordias
1459 1496 1946 1582 malignantium
1976 1498 2121 1562 odio
2153 1520 2406 1584 semper

157 1578 484 1643 habuisse.
546 1580 1028 1665 Componantur
1055 1602 1208 1665 ergo
1237 1604 1354 1667 per
1380 1602 1496 1645 vos
1525 1583 1722 1644 animi
1751 1580 2223 1664 dissidentium3
2252 1605 2404 1646 nam

157 1664 313 1727 huic
366 1665 460 1728 rei
519 1686 634 1729 vos
691 1664 878 1729 video
925 1665 1308 1750 aptissimos,
1364 1666 1475 1750 qui
1534 1673 1679 1728 ante
1737 1664 1857 1729 hac
1898 1676 2121 1729 mutua
2162 1665 2403 1731 lesione

156 1749 257 1813 rei
302 1746 597 1834 publicae
634 1746 982 1846 plurimum
1026 1748 1493 1834 derogavimus.
1569 1748 1837 1813 Consilii
1864 1751 2059 1815 vestri
2088 1752 2400 1815 rationem

156 1832 478 1932 approbo·
562 1832 774 1895 Dictis
828 1832 1086 1897 tandem
1135 1833 1305 1897 facta
1349 1834 1779 1897 consentiant'.
1865 1833 2097 1918 Legati
2140 1855 2399 1917 persua-

155 1938 343 1981 sione
371 1914 589 1981 habita
615 1916 901 1998 redeunt,
931 1916 1281 2003 ambosque
1309 1938 1492 2002 reges
1523 1915 1885 1981 alterutrius
1906 1916 2400 1981 benivolentiam

155 2000 248 2064 ad
277 1999 648 2064 alterutrum
675 2000 1038 2082 referentes,
1081 2002 1150 2064 in
1179 2001 1472 2064 amicicia
1501 2008 1910 2084 componunt.
1975 1999 2398 2065 Constituitur

155 2095 416 2169 tempus
447 2083 611 2149 collo
656 2085 868 2149 uendi.
940 2084 1152 2148 Locus
1180 2084 1434 2170 utrique
1465 2083 1839 2147 commodus
1884 2082 1963 2147 de
2012 2094 2246 2148 utatur.
2310 2084 2398 2147 Et

160 2170 315 2255 quia
358 2169 526 2233 circa
543 2182 568 2211 ⁰
655 2170 876 2233 uvium
917 2169 1166 2232 Mosam
1221 2189 1420 2252 regna
1470 2168 1807 2233 amborum
1852 2187 1925 2231 co
1998 2166 2332 2232 'mitabant
2346 2169 2395 2251 d,

155 2255 228 2317 in
268 2251 482 2317 locum
527 2254 637 2339 qui
677 2250 1024 2337 Margolius
1069 2252 1300 2316 dicitur
1315 2264 1331 2297 ¹
1379 2251 1468 2317 eis
1515 2250 1640 2315 sibi
1685 2271 2013 2316 occurrere
2056 2251 2316 2337 placuit.

461 2428 559 2491 81.
642 2426 930 2491 Lotharii
973 2436 1072 2491 ete
1118 2427 1370 2491 Ottonis
1413 2447 1639 2509 regum
1684 2424 2038 2489 conciliatio
2056 2439 2099 2490 θ.

336 2546 780 2613 Convenerunt
834 2569 1006 2633 ergo,
1091 2547 1406 2633 Datisque
1450 2546 1709 2622 dextris,
1766 2545 2049 2609 osculum
2091 2544 2217 2609 sibi
2258 2546 2393 2611 sine

155 2631 377 2718 aliqua
399 2632 857 2718 disceptatione
879 2630 1332 2729 benignissime
1355 2630 1685 2695 dederunt.
1735 2627 2117 2693 Amiciciam
2145 2628 2393 2696 *alu-in·
2413 2638 2521 2684 ⁸101·
2556 2644 2644 2686 ³⁹⁴·

154 2739 342 2783 secus
397 2726 792 2781 sacramento
846 2714 1263 2781 stabiherunt.
1354 2714 1655 2801 Belgicae
1718 2736 1889 2800 parS,
1934 2736 2096 2800 quae
2153 2716 2224 2779 in
2280 2712 2391 2779 lite

150 2800 378 2883 fuerat,
437 2802 506 2864 in
561 2801 661 2865 ius
721 2799 978 2865 Ottonis
1029 2801 1296 2865 transiit.
1386 2799 1560 2880 Otto,
1602 2800 1789 2884 regni
1844 2799 1944 2862 sui
1999 2820 2161 2884 pace
2203 2797 2388 2881 facta,

149 2883 406 2951 Italiam
467 2886 652 2970 petiit
702 2885 1099 2970 Romamque
1153 2884 1424 2965 devenit,
1484 2904 1632 2947 suos
1691 2884 2013 2947 revisurus
2063 2890 2255 2969 atque
2308 2883 2389 2948 de

150 2971 337 3055 regni
366 2978 534 3033 statu
563 2970 985 3055 quaesiturus3
1018 2990 1495 3054 compressurus
1526 2968 1736 3049 etiam,
1767 2968 1821 3030 si
1851 2968 1962 3053 qui
1989 2966 2151 3032 forte
2179 2976 2391 3031 essent

149 3053 480 3136 tumultuS,
525 3060 588 3116 et
628 3051 1079 3117 tumultuantes
1121 3055 1190 3115 in
1277 3073 1457 3117 acem
1497 3062 1929 3133 revocaturus,
1974 3054 2026 3114 si
2070 3052 2181 3137 qui
2217 3053 2387 3150 prin-

150 3141 373 3225 cipum
416 3136 580 3201 forte
623 3136 1019 3201 dissiderent.
1105 3136 1198 3200 Lo
1271 3136 1442 3200 arius
1483 3157 1636 3199 vero
1678 3134 2061 3199 Laudunum
2104 3157 2383 3217 vemens,

150 3221 329 3308 apud
395 3243 542 3285 suos
608 3242 896 3307 quaeque
962 3241 1078 3283 con
1128 3242 1244 3284 rua
1308 3220 1430 3283 sibi
1493 3218 1942 3304 pertractabat.
2055 3217 2193 3283 Nec
2256 3220 2385 3281 iam

151 3307 499 3391 quicquam
553 3305 694 3390 spei
750 3326 834 3367 ex
887 3303 1047 3368 duce
1147 3303 1405 3384 abebat,
1461 3324 1608 3365 cum
1666 3324 1781 3386 pro
1831 3312 1928 3366 ter
1968 3322 2195 3388 pacem
2238 3300 2383 3365 dolo

151 3390 506 3476 quaesitam
564 3411 694 3453 non
745 3387 1148 3452 mediocriter
1198 3409 1345 3451 eum
1400 3394 1764 3470 suspectum
1835 3384 2119 3453 haberet.
2218 3385 2383 3450 Cum
2404 3406 2505 3446 981.

149 3474 282 3538 iam
337 3472 496 3538 haec
554 3473 766 3537 omnia
819 3471 932 3535 vul
979 3492 1016 3534 o
1058 3471 1557 3557 predicarentur,
1612 3468 1899 3533 nonnulli
1942 3489 2195 3554 quoque
2235 3470 2384 3535 inde

148 3558 467 3643 indignati
508 3580 626 3643 pro
645 3569 674 3611 g
703 3556 862 3620 duce
878 3568 908 3610 8
991 3564 1287 3635 emerent,
1318 3554 1452 3618 dux
1482 3554 1795 3618 constanti
1823 3553 2036 3617 animo
2064 3554 2385 3617 tristitiam

153 3641 560 3707 dissimulans
619 3642 831 3705 omnia
878 3638 1141 3705 ferebat.
1225 3638 1314 3703 Et
1365 3638 1529 3702 sicut
1581 3639 1775 3702 moris
1818 3639 1878 3702 ei
1921 3646 2057 3700 erat
2098 3636 2383 3702 consulto

153 3727 370 3792 omnia
398 3725 766 3807 deliberare,
797 3724 1173 3810 primatibus
1189 3724 1218 3766 ¹¹
1246 3722 1597 3804 advocatis,
1631 3719 2097 3786 declamaturus
2126 3721 2380 3785 resedit.

272 3933 318 3987 a)
351 3936 438 3987 sio,
482 3946 532 3975 os
571 3934 681 3974 absc.
831 3932 878 3985 b)
913 3945 961 3983 p.
1002 3932 1248 3972 concordia
1289 3933 1328 3972 1.
1481 3928 1522 3981 c)
1558 3940 1697 3979 super
1742 3931 1780 3970 1.
1933 3927 1979 3982 d)
2013 3929 2306 3969 conlimitant
2337 3932 2377 3971 1.

155 3992 199 4046 6)
233 3998 295 4046 et,
337 3996 386 4035 ia
415 3994 529 4035 absc.
708 3992 742 4044 f)
770 4004 807 4035 s.
838 3992 882 4032 h.
925 3993 974 4033 in
1015 3992 1105 4031 loco
1146 4002 1264 4031 raso.
1442 3985 1490 4039 g)
1517 3994 1620 4037 post
1662 3988 1761 4028 add.
1940 3985 1989 4040 h)
2021 3988 2307 4039 principibus
2340 3990 2381 4029 1.

305 4160 362 4228 1)
403 4162 486 4214 Cf.
526 4160 764 4229 diploma
793 4161 844 4213 5.
883 4161 1000 4214 Iun.
1040 4157 1113 4226 (2)
1154 4158 1277 4211 980.
1317 4156 1498 4210 datum
1538 4156 1595 4205 in
1631 4155 1752 4208 loco
1792 4155 1885 4222 qui
1924 4156 2117 4209 dicitur
2153 4154 2381 4223 Margoil

153 4250 314 4303 super
349 4237 566 4288 fluvium
606 4234 767 4300 Chen-3
812 4234 1038 4303 Stumpf,
1089 4234 1228 4285 Acta
1264 4250 1317 4300 p.
1357 4232 1465 4281 325
1503 4227 1665 4298 (Reg.
1708 4230 1800 4281 Nr.
1845 4226 1992 4297 765).

1896 4316 1921 4344 *

1843 4315 1882 4378 8
