3059 4834
705 269 1012 321 RICHERI
1049 268 1554 321 HISTORIARUM
1585 270 1809 322 LIBER
1845 271 1979 322 1111.
2353 272 2460 321 149

215 437 436 524 ponite
495 435 844 518 dexteram,
903 435 1098 501 fidem
1155 446 1376 501 contra
1433 458 1652 500 omnes
1710 460 1739 500 s
1789 438 2038 503 ondete.
2138 439 2320 504 Exce
2369 441 2456 505 tio
2479 460 2589 503 991.

211 520 389 586 nulla
429 520 566 599 erit,
611 521 666 583 si
708 519 903 584 vultis
947 520 1106 584 mihi
1163 542 1376 584 comes
1432 521 1608 586 fieri'.
1772 544 1806 585 e
1866 523 1966 586 sui
2020 523 2155 587 voti
2210 527 2316 588 avi
2363 547 2458 608 US,

215 603 526 692 quicquid
569 605 890 689 expetitur
933 603 1225 690 spondet.
1293 606 1547 690 Supera
1576 614 1797 669 sancta
1826 605 2119 671 dextram
2149 608 2457 691 extendit,

212 712 346 754 non
387 689 627 753 veritus
686 688 897 751 iurare
999 687 1406 775 uodcumque
1457 690 1857 774 propositum
1908 691 2047 755 fuit.
2146 691 2339 757 Unde
2397 701 2459 756 et

213 772 461 837 cunctis
526 770 842 855 credulus,
904 711 1061 835 nffifl
1118 781 1448 857 suspectus
1502 772 1641 837 fuit.
1748 774 1825 838 Ι11
1882 773 2054 838 nullo
2107 797 2189 839 ne
2237 776 2365 840 otio
2418 798 2458 840 a

255 878 470 941 uoque
511 856 768 920 vitatur.
843 856 947 919 De
990 854 1148 919 urbe
1192 856 1541 920 munienda
1583 858 1722 943 ipse
1769 859 1978 944 querit
2020 867 2083 922 et
2126 858 2205 922 de
2234 858 2454 923 'berat.

277 942 522 1004 mnium
565 961 826 1003 causam
869 940 1244 1004 sciscitatur.
1318 941 1445 1004 Pro
1492 941 1789 1005 omnibus
1835 941 2165 1007 consultat.
2240 944 2455 1024 Quare

209 1026 472 1110 ignotus
515 1025 822 1087 cunctosb
864 1022 1066 1087 latuit.

534 1160 637 1224 47.
725 1160 1227 1247 Comprehensio
1247 1174 1272 1204 ⁰
1313 1160 1540 1226 Karoli
1582 1160 1664 1225 ab
1708 1160 2135 1230 Adalberone.

379 1264 632 1328 Interea
689 1286 838 1327 cum
891 1262 1118 1327 Karoli
1172 1285 1555 1350 suorumque
1608 1262 1899 1327 habitum
1952 1265 2205 1351 penitus
2296 1266 2455 1330 ervi-

212 1349 432 1428 disset,
501 1370 640 1411 sese
696 1348 888 1410 etiam
945 1346 1105 1409 nulli
1161 1369 1299 1411 esse
1359 1370 1464 1411 sus
1515 1356 1744 1430 ectum,
1812 1346 1990 1412 dolos
2047 1347 2225 1412 multi
2254 1349 2456 1413 ariam

209 1429 650 1517 pretendebat,
694 1441 764 1495 ut
808 1440 871 1495 et
911 1430 1138 1495 urbem
1183 1429 1306 1493 sibi
1349 1431 1461 1494 red
1510 1440 1643 1495 eret
1685 1441 1747 1495 et
1788 1430 2101 1496 Karolum
2144 1434 2281 1518 regi
2311 1454 2457 1519 cap-

211 1527 347 1579 tum
391 1513 688 1579 traderet.
775 1512 1002 1577 Karoli
1045 1516 1260 1600 itaque
1321 1514 1639 1600 colloquio
1698 1518 1898 1580 utitur
1950 1517 2224 1601 saepiuS,
2280 1516 2457 1581 beni-

209 1598 553 1663 volentiam
610 1596 856 1684 profert
895 1596 1187 1683 amplius.
1277 1599 1432 1661 Sese
1479 1620 1754 1684 quoque,
1800 1600 1853 1661 si
1897 1609 2204 1685 oporteat,
2250 1622 2456 1665 sacra-

212 1684 444 1747 mentis
503 1684 709 1767 magis
771 1682 927 1745 strin
974 1682 1210 1745 endum
1271 1682 1486 1763 offert3
1545 1692 1722 1746 tanta
1779 1683 2029 1747 cautela
2095 1680 2454 1751 calliditatis

209 1789 386 1847 usus,
429 1775 500 1830 ut
542 1766 800 1829 omnino
845 1765 926 1829 do
954 1788 1063 1829 um
1106 1764 1525 1829 simulationis
1571 1765 1777 1829 colore
1839 1765 2177 1831 obvelaret.
2266 1766 2456 1832 Unde

215 1872 368 1914 cum
409 1859 592 1914 nocte
636 1850 914 1936 quadam
958 1849 1122 1912 inter
1165 1849 1523 1912 cenandum
1560 1847 1777 1912 hilaris
1806 1849 2129 1931 resideret,
2172 1848 2455 1914 Karolus

213 1941 520 1997 craterem
563 1955 846 2015 aureum,
887 1934 956 1995 in
999 1954 1124 2019 quo
1168 1952 1403 2017 panem
1457 1932 1801 2017 infregerat
1860 1933 2140 2018 vinoque
2214 1943 2454 2018 tempe—

211 2026 485 2091 raverat,
529 2025 771 2097 tenens,
815 2026 962 2102 post
1005 2014 1274 2079 multum
1305 2017 1652 2101 cogitatum
1684 2016 1743 2078 ei
1773 2014 2028 2081 obtulit:
2074 2015 2453 2099 ‘Quoniam',

211 2100 525 2186 inquiens,
569 2106 674 2163 ‘ex
716 2110 973 2185 patrum
1017 2098 1288 2163 decretis
1331 2098 1579 2184 palmas
1624 2107 1688 2162 et
1720 2098 1976 2164 frondes
2007 2099 2196 2163 hodie
2228 2100 2453 2163 sancti-

208 2185 488 2248 ficastis1
555 2194 746 2270 atque
809 2183 1106 2269 plebem(1
1172 2184 1366 2247 sacris
1420 2181 1975 2247 benedictionibus
2035 2185 2453 2248 consecrastis

207 2270 523 2354 nobisque
589 2268 1002 2332 eukaristiam
1079 2268 1494 2353 porrexistiS,
1582 2265 1667 2329 ali
1712 2289 1940 2330 uorum
2039 2290 2453 2331 susurronum

210 2351 585 2434 calumnias,
631 2352 740 2437 qui
767 2350 952 2415 vobis
983 2350 1312 2415 fidendum
1341 2359 1598 2435 negant,
1628 2352 1689 2414 v'
1718 2350 2047 2436 ipendenS,
2081 2372 2228 2416 cum
2258 2352 2452 2416 instet

209 2436 346 2501 dies
439 2438 707 2499 assionis
751 2436 996 2499 domini
1040 2444 1101 2498 et
1145 2433 1476 2498 salvatoris
1530 2436 1733 2498 nostri
1775 2434 1969 2499 Ihesu
2013 2434 2268 2516 Christi,
2328 2434 2452 2498 hoc

206 2540 361 2584 vasc
429 2542 540 2583 um
582 2529 830 2584 vestrae
875 2518 1169 2603 dignitati
1213 2527 1433 2603 aptum
1452 2531 1475 2561 θ
1534 2539 1676 2581 011111
1716 2521 1864 2583 vino
1895 2529 1957 2583 et
1985 2540 2152 2605 pane
2180 2518 2449 2583 infracto

208 2603 397 2668 vobis
491 2604 722 2687 orrigo.
788 2603 934 2666 Hoc
975 2600 1276 2688 poculum
1319 2603 1386 2665 in
1431 2607 1615 2687 signo
1645 2600 1978 2668 habendae
2009 2611 2072 2665 et
2100 2600 2451 2666 servandae

207 2687 362 2751 fidei
407 2626 664 2751 ebibite.
753 2687 825 2750 Si
867 2708 1018 2751 vero
1062 2686 1256 2749 fidem
1302 2708 1558 2750 servare
1602 2688 1814 2749 animo
1857 2707 1989 2749 11011
2032 2694 2173 2768 stat,
2218 2684 2451 2769 poculo

207 2771 474 2855 parcite,
537 2793 618 2835 ne
674 2770 1055 2834 horrendam
1113 2770 1313 2834 Iudae
1367 2769 1712 2854 proditoris
1778 2771 2059 2855 speciem
2121 2769 2447 2833 referatis’.

209 2854 357 2935 Quo
409 2856 863 2940 respondente:
923 2852 1271 2919 ‘Craterem
1314 2855 1625 2939 recipiam
1686 2864 1748 2918 et
1800 2862 2025 2940 potum
2077 2852 2275 2917 libere
2319 2850 2449 2915 ebi-

207 2936 414 3020 bam',
499 2938 776 3003 Karolus
821 2959 977 3001 mox
1018 2948 1413 3023 prosecutuS,
1459 2936 1827 3001 addendum
1872 2936 2064 3000 dixit:
2126 2943 2210 3000 ‘et
2250 2933 2446 2999 fidem

205 3021 476 3087 faciam'.
560 3021 676 3086 Ille
720 3020 984 3086 ebibens
1026 3032 1400 3106 prosecutus
1444 3031 1567 3085 est:
1628 3026 1711 3085 ‘et
1751 3020 1946 3086 fidem
1988 3020 2252 3103 faciam3
2296 3017 2447 3083 alio-

209 3106 364 3191 quin
411 3127 556 3169 cum
597 3105 763 3169 Iuda
804 3106 1162 3169 inteream'!
1236 3103 1324 3169 Et
1365 3104 1567 3168 multa
1608 3104 1707 3167 his
1750 3103 1983 3167 similia
2026 3104 2445 3169 anathematis

207 3189 408 3254 verba
471 3190 846 3254 cenantibus
906 3188 1099 3252 dedit.
1205 3188 1356 3251 Nox
1411 3187 1611 3251 futuri
1665 3185 1873 3251 luctus
1938 3196 2002 3251 et
2065 3186 2445 3272 proditionis

209 3274 469 3337 conscia
507 3272 803 3337 instabat.
892 3272 1196 3353 Quietum
1238 3272 1331 3336 ire
1376 3271 1793 3334 constitutum
1837 3279 1933 3332 est
1973 3268 2445 3353 dormitumque

205 3357 277 3419 in
319 3379 525 3421 mane.
609 3354 934 3420 Adalbero
980 3356 1078 3419 sui
1121 3353 1251 3419 doli
1293 3355 1607 3432 consciUS,
1652 3351 2153 3416 dormientibusf
2201 3350 2444 3415 Karolo

207 3449 272 3504 et
315 3439 582 3505 Arnulfo
599 3491 614 3519 ,
672 3439 919 3525 gladios
978 3447 1040 3503 et
1097 3460 1274 3503 arma
1326 3459 1366 3500 a
1417 3436 1735 3521 capitibus
1778 3457 1998 3499 eorum
2040 3436 2283 3500 amovit
2308 3434 2446 3499 lati-

206 3522 504 3610 bulisque
561 3522 907 3589 mandavit.
993 3520 1390 3586 Hostiarium
1447 3520 1637 3584 huius
1698 3518 1827 3584 doli
1878 3520 2176 3604 ignarum
2232 3540 2444 3583 accer-

207 3608 398 3690 sienS,
443 3629 698 3672 cursum
742 3605 1095 3671 accelerare
1139 3615 1202 3670 et
1247 3604 1566 3690 quendam
1612 3625 1870 3667 suorum
1900 3603 2211 3667 accersire
2240 3602 2443 3685 iubet3

207 3693 443 3755 ostium
509 3714 647 3757 sese
711 3700 1108 3755 servaturum
1171 3690 1425 3752 interim
1489 3686 1814 3774 pollicens
1925 3685 2070 3766 Quo
2136 3686 2444 3771 digresso,

205 3772 534 3840 Adalbero
576 3778 642 3839 in
683 3776 827 3861 ipso
873 3774 1034 3838 ostio
1081 3794 1218 3836 sese
1259 3771 1543 3835 medium
1586 3770 1746 3854 fixit,
1788 3769 2076 3856 gladium
2118 3768 2237 3834 sub
2265 3776 2445 3834 veste

328 3964 374 4017 a)
408 3966 527 4007 Nam
559 3976 701 4017 super
733 3968 773 4008 1.
917 3963 966 4018 b)
999 3964 1175 4005 cunctis
1209 3965 1249 4006 1.
1383 3960 1425 4013 c)
1457 3962 1622 4003 hensio
1653 3961 1767 4005 abac.
1907 3958 1954 4013 d)
1986 3960 2209 4011 populum
2224 3969 2442 4009 superscr.

205 4026 408 4077 plebem.
529 4024 573 4078 e)
604 4029 735 4076 ptum
765 4036 876 4067 corr.
911 4028 1083 4075 aptum.
1202 4022 1238 4074 f)
1269 4021 1513 4062 dormienti
1546 4023 1588 4062 1.

359 4165 416 4233 1)
454 4167 742 4217 Dominica
778 4164 1072 4232 palmarum
1110 4164 1288 4226 (Mart.
1329 4160 1422 4227 29)
1459 4161 1691 4212 indicari
1726 4158 1961 4214 videtur.
2030 4155 2141 4209 Alii
2180 4156 2246 4209 de
2277 4172 2446 4209 coena

205 4240 428 4292 Domini
469 4240 788 4305 cogitarunt.
867 4237 950 4288 cf.
990 4236 1253 4287 Wilmans
1291 4252 1344 4301 p.
1387 4234 1508 4286 168.
