3059 4834
697 271 1003 325 monum
1041 269 1550 324 ms‘romAmm
1585 269 1808 325 LIBER
1846 271 1893 325 1.
2066 227 2070 231 ’
2347 271 2411 322 13

182 441 251 502 in
278 440 518 504 maiore
546 439 756 523 gratia
784 435 961 524 apud
988 459 1205 523 regem
1236 459 1373 502 sese
1402 437 1626 502 haberi
1656 448 1924 524 putaret,
1970 447 2190 524 utpote
2264 458 2412 502 uem
2434 461 2534 514 ⁹2⁰·

183 523 411 588 ducem
452 524 520 586 in
563 521 808 587 Celtica
853 520 1147 586 omnibus
1191 520 1543 608 prefecerat
1564 534 1600 604 ¹,
1661 543 1803 585 cum
1860 544 1978 588 rex
2019 523 2088 585 in
2103 532 2130 563 ⁸²
2173 545 2260 608 pa
2284 524 2412 586 atio

184 605 467 688 sedisset,
527 607 662 670 eius
720 607 898 670 iussu
948 605 1082 670 dux
1137 604 1419 686 dexterb‚
1485 605 1761 690 Hagano
1820 628 1944 692 quo
1990 629 2070 670 ue
2124 607 2182 670 ei
2223 605 2413 670 levus

231 693 459 762 ariter-⁰
502 690 757 754 resedit.
843 688 1184 754 Rotbertus
1226 711 1377 754 vero
1396 689 1424 731 ⁴¹
1468 688 1605 752 dux
1647 690 1837 754 tacite
1878 692 1946 754 in
1991 693 2211 776 ignum
2254 689 2411 754 fere-

230 785 312 860 at,
356 795 698 862 personam
752 773 1135 837 mediocrem
1154 775 1182 804 *
1226 773 1350 839 sibi
1397 774 1659 858 aequari
1697 774 2229 860 magnatibusque
2269 796 2410 860 pre-

232 859 356 923 oni.
424 858 514 923 At
540 859 703 922 iram
731 859 1049 942 mitigans,
1080 858 1362 921 animum
1391 856 1854 940 dissimulabat,
1895 859 2010 923 vix
2037 859 2175 942 regi
2201 880 2411 944 pauca

211 951 453 1007 ocutuS.
543 940 823 1006 Celerius
867 963 1022 1025 ergo
1066 941 1283 1026 surgit,
1326 963 1403 1010 ac
1436 963 1582 1004 cum
1613 943 1743 1006 suis
1774 941 2108 1006 consilium
2151 941 2406 1014 confert.

187 1026 359 1106 *Quo
412 1025 656 1108 collato,
707 1026 845 1112 regi
897 1047 1014 1112 per
1065 1023 1309 1110 legatos
1366 1027 1670 1111 suggerit,
1737 1048 1875 1091 sese
1939 1025 2218 1112 perferre
2282 1047 2412 1098 non
2429 1036 2446 1055 ⁸
2464 1039 2546 1084 fol.
2572 1040 2632 1084 θ’.

236 1131 375 1174 osse
420 1109 544 1173 sibi
584 1110 1011 1195 Haganonem
1053 1110 1315 1198 aequari
1368 1109 1874 1195 primatibusque
1930 1109 2259 1192 anteferri3
2317 1111 2410 1172 in-

186 1133 453 1279 dignum
496 1195 687 1259 etiam
729 1193 951 1274 videri,
1014 1191 1381 1258 huiusmodi
1432 1193 1755 1264 hominem
1809 1195 1948 1280 regi
2003 1195 2284 1276 haerere,
2349 1203 2414 1268 et

186 1277 518 1346 Gallorum
559 1277 987 1343 nobilissimos
1029 1275 1218 1363 longe
1260 1275 1584 1342 absistere.
1673 1279 1883 1358 Quem
1924 1279 2049 1342 nisi
2077 1280 2146 1341 in
2173 1279 2411 1343 medio-

184 1364 473 1428 critatem
516 1361 781 1446 redigat,
842 1383 980 1426 sese
1038 1383 1185 1425 eum
1242 1359 1481 1426 crudeli
1535 1384 1642 1425 sus
1691 1361 1878 1428 endio
1935 1363 2407 1427 suffocaturum.

180 1447 328 1512 Rex
371 1445 583 1512 dilecti
617 1446 1040 1530 ‚ignominiam
1081 1467 1211 1510 non
1246 1468 1491 1531 passm,
1535 1384 1780 1514 facilius
1813 1467 1880 1510 se
1909 1448 2194 1513 omnium
2224 1444 2410 1510 collo-

183 1530 335 1617 quio
370 1552 564 1615 quam
606 1527 792 1594 huius
822 1528 1251 1594 familiaritate
1294 1551 1483 1615 posse
1528 1551 1762 1613 carere,
1805 1530 2149 1617 respondit.
2218 1530 2409 1610 Quod

179 1615 451 1686 nimium
491 1614 833 1678 Rotbertus
875 1614 1259 1698 indignanis,
1305 1635 1451 1677 cum
1495 1614 1909 1703 optimatibus
1952 1614 2273 1701 plerisque
2316 1615 2408 1677 in-

178 1701 391 1764 iussus
407 1709 431 1740 e
474 1697 839 1763 Neustriam
881 1699 1041 1785 petit
1081 1719 1158 1762 ac
1192 1698 1467 1764 Turonis
1512 1721 1650 1762 sese
1694 1699 1953 1786 recipit3
2006 1699 2272 1763 multam
2315 1698 2409 1770 ibi

178 1784 260 1849 de
304 1783 475 1868 regis
517 1780 769 1847 levitate
823 1781 1329 1867 indignationem
1344 1782 1367 1824 f
1408 1781 1682 1865 habens3
1746 1782 2021 1869 plurima
2075 1784 2286 1864 etiam,
2341 1792 2411 1848 ut

178 1867 247 1930 in
298 1888 366 1932 se
423 1865 899 1934 transfundatur
959 1888 1172 1930 rerum
1237 1887 1504 1947 summa,
1569 1867 1744 1952 apud
1807 1889 1954 1932 suos
2021 1877 2203 1931 caute
2268 1888 2408 1954 per-

178 1960 476 2016 tractans,
566 1951 875 2032 Quamvis
892 1952 961 1992 **·
980 1962 1009 2004 ἓ
1062 1951 1297 2015 etenim
1360 1951 1499 2034 regi
1516 1961 1570 2018 8.
1618 1951 1877 2032 faveret,
1943 1963 2116 2014 nong
2171 1950 2409 2014 medio-

179 2035 372 2100 criter
411 2044 627 2100 tamen
643 2047 672 2089 8
714 2037 774 2098 ci
815 2056 1085 2118 regnum
1126 2031 1456 2098 invidebat
1470 2045 1517 2113 8,
1563 2054 1710 2096 cum
1753 2033 1876 2099 sibi
1919 2043 2110 2120 post&
2150 2033 2412 2099 fratrem

177 2118 667 2190 hereditandum
684 2129 712 2172 8
756 2120 963 2204 magis
1004 2117 1269 2182 videret.
1354 2115 1676 2181 Nonnulla
1706 2137 1956 2204 quoque
1986 2115 2367 2186 moliebatur
2381 2117 2410 2158 ¹¹

178 2205 251 2268 in
292 2201 642 2268 Fulconem
682 2202 1030 2265 Remorum
1086 2197 1663 2284 metropolitanum,
1719 2200 1829 2286 qui
1877 2223 2095 2286 regem
2139 2224 2180 2264 a
2222 2222 2411 2264 cuna-

178 2285 353 2352 bulis
398 2285 779 2350 educaverat
821 2294 1011 2369 atque
1054 2286 1122 2347 in
1176 2305 1444 2368 regnum
1500 2294 1908 2370 promoverat
1927 2296 1968 2349 ².
2054 2283 2413 2349 Videbatur

182 2370 439 2450 etenim,
498 2370 666 2454 quia,
726 2369 779 2432 si
822 2370 877 2432 is
920 2366 1125 2432 solum
1167 2366 1501 2453 deperiret,
1560 2367 1807 2432 facilius
1857 2368 2107 2434 refundi
2163 2370 2232 2435 in
2275 2392 2411 2437 sese

182 2474 456 2552 regnum
520 2455 848 2539 potuisset.
934 2453 1012 2518 Id
1076 2452 1269 2522 etiam
1333 2475 1372 2516 a
1419 2452 1507 2515 ud
1567 2451 1954 2518 Balduinum
2017 2454 2412 2518 Morinorum

176 2538 541 2624 principem
561 2548 585 2583 ⁸
615 2536 961 2601 admodum
1076 2535 1291 2602 'tabat
1432 2537 1493 2600 ic
1521 2537 1693 2602 enim
1721 2536 1804 2602 ab
1840 2560 1914 2602 eo
1935 2537 2022 2569 ***
2049 2561 2411 2625 persuasus,

176 2623 319 2694 ,eius
364 2630 578 2709 partes
621 2621 782 2684 iami
827 2643 977 2706 rege
1068 2630 1272 2687 eserto
1316 2620 1718 2707 sequebatur.

422 2757 645 2809 cottidie
686 2773 958 2823 egressum
995 2758 1139 2823 regis
1178 2773 1211 2807 a
1248 2757 1614 2824 penetralibus
1641 2757 1796 2810 aulae
1822 2756 2198 2824 prestolantur.
2275 2758 2411 2810 Cum

416 2847 541 2882 vero
578 2830 784 2882 nullum
820 2823 901 2882 ‘eis
940 2830 1007 2882 ab
1046 2845 1177 2894 rege
1228 2846 1541 2898 responsum
1589 2847 1686 2897 per
1737 2829 1852 2882 dies
1904 2836 2128 2897 quatuor
2180 2831 2410 2895 daretur,

416 2905 705 2956 Heinricus
742 2903 799 2953 id
836 2903 1210 2956 molestissime
1248 2904 1443 2967 ferens,
1485 2906 1684 2956 dixisse
1713 2904 1895 2964 fertur,
1935 2909 2027 2954 aut
2053 2905 2412 2970 Haganonem

420 2978 739 3044 quandoque
780 2993 899 3028 cum
925 2977 1124 3028 Karolo
1162 2984 1522 3042 regnaturum,
1563 2983 1656 3028 aut
1679 2977 1934 3028 Karolum
1964 2993 2084 3028 cum
2110 2978 2412 3043 Haganone

420 3051 489 3102 ad
528 3067 702 3102 rerum
740 3050 1165 3102 mediocritatem
1198 3050 1576 3114 deventurum3
1626 3050 2020 3116 indignansque
2059 3067 2188 3115 rege
2226 3053 2410 3101 incon-

418 3125 556 3176 sulto
599 3124 860 3175 discessit.
929 3122 1283 3175 Ekkehardus
1295 3126 1338 3175 ⁴.

327 3197 375 3264 ¹⁸¹)
414 3198 705 3263 ignobilem
748 3199 799 3248 1.

296 3269 375 3340 ’Ἴ
416 3273 669 3332 Quamvis
710 3297 775 3308 —
815 3267 1024 3320 videret
1060 3269 1094 3317 2
1132 3269 1190 3320 in
1218 3287 1384 3337 marg.
1536 3267 1634 3335 ***)
1672 3267 1752 3319 ita
1791 3270 1851 3332 2;
1893 3284 1928 3318 a
1963 3269 2220 3320 Rotberto
2264 3270 2313 3318 1.

294 3379 343 3432 a)
362 3382 474 3430 inp.
497 3381 713 3430 poetadd.
803 3377 1021 3430 b)ccorr.
1112 3377 1154 3430 c)
1176 3380 1276 3420 aad.
1299 3380 1341 3420 2.
1434 3377 1481 3430 d)
1500 3380 1644 3420 v.d.t
1686 3380 1740 3427 ‚in
1755 3378 1846 3418 loco
1863 3389 1967 3416 raso
1999 3378 2042 3416 2.
2132 3375 2176 3427 e)
2190 3377 2412 3427 postadd.

176 3439 575 3492 Oquerimoniatn
595 3441 637 3480 1.
716 3439 762 3491 g)
782 3439 837 3489 Q,
856 3449 892 3488 r,
908 3448 1019 3490 non,
1036 3448 1157 3490 men,
1175 3440 1329 3490 vi,po‚
1346 3437 1539 3478 ditabsc.
1631 3435 1834 3488 h)ita2;
1865 3437 2063 3476 moliens
2082 3436 2123 3476 1.
2198 3434 2409 3488 1)αᾱᾶ.2.

332 3515 389 3584 1)
418 3518 499 3569 cf.
530 3534 577 3571 c.
608 3518 693 3568 14.
843 3516 899 3578 2)
926 3513 1179 3579 Fulconis
1208 3513 1429 3566 caedem
1455 3516 1614 3566 rebus
1641 3514 1960 3579 Haganonia
1981 3528 2261 3579 perperam
2289 3529 2414 3566 con-

172 3583 349 3658 iungi,
380 3593 488 3642 iam
527 3606 781 3642 annorum
820 3587 949 3639 ordo
988 3589 1117 3639 satis
1158 3587 1501 3638 demonstrat.
1581 3587 1666 3638 cf.
1708 3586 1774 3637 de
1802 3602 1869 3637 ea
1887 3586 2265 3638 Ann.Vedast.
2288 3587 2414 3651 900,

178 3682 231 3730 p.
270 3665 398 3720 209.
584 3663 642 3731 3)
680 3662 969 3713 Flandriae
1009 3662 1280 3712 comitem.
1441 3658 1502 3727 4)
1539 3660 1780 3711 Fabulae
1831 3661 2016 3723 huius,
2078 3660 2209 3711 licet
2253 3663 2414 3728 genio

178 3738 397 3788 Richeri
424 3738 622 3804 optime
650 3737 951 3798 conveniat,
982 3734 1186 3785 nullum
1211 3736 1269 3784 in
1296 3734 1484 3785 codice
1511 3735 1813 3799 vestigium,
1850 3749 1952 3784 nec
1979 3749 2098 3784 eam
2124 3751 2158 3784 a
2183 3735 2413 3786 Richero

177 3811 477 3876 profectam
528 3826 665 3873 esse,
715 3810 946 3860 narratio
984 3807 1122 3859 infra
1174 3823 1293 3874 cap.
1333 3807 1421 3860 20.
1476 3807 1544 3858 de
1597 3823 1760 3858 causa
1808 3808 2120 3859 inimicitiae
2171 3809 2416 3860 Heinrici

180 3883 433 3940 ostendit.
491 3885 553 3936 P.
632 3883 715 3935 Cf.
754 3882 1141 3948 Forschungen
1178 3881 1285 3946 111,
1334 3898 1388 3948 p.
1430 3882 1565 3945 1453
1614 3881 1800 3934 Jahrb.
1838 3881 2098 3932 Heinrich
2136 3882 2181 3932 I.
2222 3899 2274 3947 p.
2315 3883 2413 3946 303

183 3962 236 4008 et
270 3959 443 4024 praef.
516 3958 786 4024 Equidem
822 3955 1223 4023 Ekkehardum,
1266 3956 1357 4021 qui
1393 3955 1533 4008 haec
1571 3957 1768 4022 apertis
1793 3954 1972 4006 verbis
1999 3953 2175 4014 eidem
2203 3952 2414 4006 Gallico

181 4030 611 4098 historiographo
647 4030 847 4090 tribuit,
888 4045 953 4080 ex
987 4045 1094 4096 quo
1134 4029 1243 4082 alia
1280 4027 1448 4082 multa.
1484 4045 1626 4095 quae
1663 4030 1806 4095 apud
1843 4029 2131 4082 Richerum
2168 4027 2416 4093 leguntur

181 4101 485 4172 descripsit,
524 4107 579 4155 in
616 4103 745 4155 folio
785 4108 966 4155 assuto
1005 4105 1114 4154 iam
1154 4101 1433 4169 deperdito
1472 4103 1741 4153 invenisse
1778 4104 2025 4168 putarim.
2101 4102 2250 4164 Quae
2289 4117 2414 4168 vero

185 4191 231 4226 c.
273 4178 362 4228 20.
400 4179 680 4230 traduntur
716 4184 876 4229 antea
913 4179 1113 4244 scripta
1148 4177 1312 4228 fuisse
1351 4181 1576 4243 oportet,
1625 4175 1858 4242 ideoque
1899 4191 2018 4226 cum
2056 4175 2139 4225 his
2177 4189 2415 4241 pugnare

182 4251 273 4299 vix
315 4249 425 4302 dici
461 4257 698 4318 possunt.
756 4252 843 4302 W.
