3059 4834
741 250 1040 309 RICHERI
1075 257 1578 310 HISTORIARUM
1614 258 1836 309 LIBER.
1865 258 1973 309 111.
2368 254 2469 309 119

254 423 694 505 dissimulavit,
754 434 824 488 ut
867 435 929 490 et
985 447 1100 512 per
1151 426 1525 490 insidiarum
1581 425 1722 490 loca
1773 427 2090 509 transiret,
2192 448 2310 491 uae
2353 448 2472 489 nec

252 511 455 574 vitare
513 515 792 594 poterat,
853 519 916 573 et
969 508 1340 573 insidiantes
1396 510 1737 574 efficaciter
1787 508 2044 575 falleret.
2201 532 2283 574 no
2337 518 2470 575 tan-

249 603 388 659 tum
408 606 435 636 ἃ
491 593 767 690 hospitio
821 616 984 678 pene
1040 592 1468 679 deprehensus
1529 594 1668 658 fuit.
1770 594 1934 657 Nam
1990 594 2141 658 dum
2195 595 2470 661 eundum

251 687 421 743 esset
476 677 781 757 cubitum,
834 678 893 740 ei
948 676 1144 741 lectus
1204 700 1349 741 cum
1395 677 1682 763 diligenti
1724 687 2037 762 apparatu
2080 680 2469 763 compositus

251 771 367 826 est.
433 761 643 847 Eique
687 760 1054 825 circumfusi
1098 783 1165 826 se
1182 763 1208 803 b
1255 783 1472 826 omnes
1515 761 1597 825 ad
1643 761 2047 826 serviendum
2091 761 2470 827 obtulerunt.

250 844 384 909 Alii
431 846 598 909 enim
638 866 807 928 genu
847 843 1054 909 flexoc
1098 843 1334 929 caligas
1378 844 1809 928 extrahebant,
1865 854 2307 931 extractasque
2364 844 2471 909 alii

252 930 402 993 exci
451 928 682 992 iebant.
767 926 898 991 Alii
952 950 1105 993 vero
1161 928 1429 993 nudatos
1484 929 1679 1014 pedes
1744 928 2019 994 sedentis
2084 929 2469 993 subsidendo

250 1034 330 1077 co
433 1012 690 1076 icabant
733 1021 796 1075 et
836 1012 992 1096 giris
1033 1014 1305 1077 vestium
1349 1012 1797 1077 emundabant.
1861 1013 2043 1077 Haec
2084 1013 2200 1077 hos
2248 1035 2315 1077 es
2356 1035 2473 1099 per

250 1098 398 1160 ostii
454 1096 647 1158 rimas
703 1095 1162 1181 contemplatus
1218 1106 1330 1163 est.
1436 1097 2020 1183 Deprehensusque
2084 1120 2210 1182 exp
2239 1119 2470 1179 orasse,

248 1202 424 1255 mox,
466 1202 548 1244 ne
592 1201 728 1243 rem
770 1178 1111 1264 detegeret,
1133 1185 1138 1191 ’
1163 1190 1428 1245 vocatus
1473 1191 1569 1246 est
1611 1189 1675 1244 et
1715 1182 2131 1245 intromissus.
2200 1181 2472 1246 Strictis-

250 1287 376 1350 que
436 1262 844 1327 mucronibus
888 1274 1227 1410 postquam
1288 1266 1348 1329 ei
1389 1287 1612 1329 necem
1670 1266 1892 1330 minati
1940 1274 2102 1349 sunt,
2148 1266 2204 1328 si
2244 1286 2472 1329 vocem

250 1349 582 1428 emitteret,
629 1369 886 1432 compre
934 1370 1156 1413 ensum
1199 1348 1411 1434 ligatis
1455 1349 1749 1413 manibus
1794 1357 1857 1413 et
1898 1348 2169 1433 pedibus
2200 1349 2267 1411 in
2296 1370 2471 1434 erga·

249 1430 485 1497 stulum
544 1431 963 1497 detruserunt.
1059 1432 1189 1513 Qui
1240 1454 1398 1497 voce
1451 1454 1793 1519 suppressa
1845 1432 1939 1497 ibi
1994 1455 2195 1519 usque
2250 1454 2471 1519 crepu-

251 1514 497 1581 sculum
542 1516 912 1579 convexusd
954 1517 1168 1581 iacuit.
1275 1517 1429 1580 Post
1483 1526 1669 1581 nocte
1720 1517 2145 1581 abscendente
2213 1516 2279 1579 in
2328 1518 2468 1602 ipso

210 1597 624 1686 -crepusculo
679 1608 1108 1664 surrexerunt.
1207 1599 1547 1685 Hospitem
1602 1610 1998 1686 assumptum
2052 1609 2115 1664 et
2170 1622 2333 1686 equo
2378 1601 2469 1663 in-

247 1691 506 1749 vectum
548 1682 769 1747 tandiu
809 1693 1311 1768 asportaverunt,
1356 1683 1560 1749 donec
1599 1682 1741 1747 loca
1770 1693 2066 1769 suspecta
2092 1684 2469 1749 transmitte-

249 1777 410 1833 rent.
479 1767 728 1847 Quibus
770 1768 1174 1850 transmissis,
1219 1768 1297 1831 de
1348 1769 1580 1832 ositum
1618 1767 1992 1833 dimiserunt
2028 1766 2338 1854 reliquum
2387 1790 2468 1831 ue

249 1852 493 1917 itineris
537 1850 768 1916 celeres
811 1850 1231 1915 confecerunt.
1299 1791 1452 1915 1}qu
1496 1852 1705 1915 minus
1751 1850 2030 1915 Conradi
2072 1852 2242 1936 regis
2290 1852 2372 1915 do
2399 1873 2469 1914 os

253 1957 407 2022 sepe
451 1933 803 1998 simulando
849 1945 911 1999 et
953 1934 1408 1998 dissimulando
1464 1936 1687 2016 evasit,
1742 1938 1930 1998 *cum
1982 1936 2047 1998 in
2091 1934 2252 1998 dolis
2299 1956 2466 1998 com-

249 2019 565 2107 ponendis
607 2018 1007 2083 insidiatores
1051 2018 1304 2082 studiob
1349 2026 1412 2081 et
1451 2018 1555 2081 hic
1581 2019 1949 2082 niterentur.
2016 2016 2301 2081 Tandem
2334 2027 2468 2082 tan-

250 2115 462 2169 torum
505 2102 815 2166 malorum
861 2124 1119 2166 securus
1166 2100 1372 2167 Gallia
1414 2111 1706 2187 receptus
1752 2112 1864 2166 est.

672 2243 770 2307 89.
856 2240 1144 2305 Lotharii
1185 2250 1248 2305 et
1289 2240 1585 2326 Hugonis
1626 2238 2071 2305 reconciliatio,

420 2343 705 2428 Cognitis
749 2352 962 2409 autem
1005 2351 1290 2406 utrorum
1339 2366 1418 2407 ue
1461 2340 1622 2406 dolis
1665 2342 1745 2407 ab
1790 2350 2077 2426 utroque,
2123 2348 2303 2404 tanta
2332 2360 2471 2403 cru-

253 2426 510 2493 delitate
566 2429 633 2490 in
686 2450 752 2491 se
806 2449 934 2491 non
989 2427 1182 2490 armis
1239 2449 1304 2490 se
1403 2425 1649 2489 insidiis
1702 2423 2043 2489 latentibus
2097 2422 2472 2488 debacchati

256 2520 420 2593 sunt,
472 2519 540 2575 ut
593 2510 836 2597 aliquot
891 2511 1074 2574 annis
1132 2532 1232 2574 res
1274 2509 1534 2595 publica
1574 2510 1972 2595 principibus
2017 2506 2469 2572 dissidentibus

253 2594 520 2659 multum
562 2594 893 2660 lederetur.
960 2595 1143 2658 Tunc
1182 2594 1372 2659 etiam
1401 2592 1742 2658 multarum
1767 2615 1979 2657 rerum
2008 2591 2469 2677 usurpationeS,

249 2681 629 2744 miserorum
694 2700 947 2764 quoque
1013 2680 1455 2764 oppressiones
1532 2688 1593 2743 et
1656 2678 1825 2742 circa
1902 2678 2113 2739 minus
2179 2683 2469 2761 potentes

251 2763 642 2828 calamitates
684 2760 962 2827 nefariae
992 2784 1032 2825 a
1061 2761 1441 2861 quibusdam
1470 2762 1687 2847 pravis
1718 2761 2034 2826 exercitae
2065 2768 2229 2823 sunt.
2304 2757 2469 2823 Cum

248 2850 582 2933 utriusque
626 2868 696 2910 sa
741 2847 1038 2911 ientiores
1080 2869 1146 2909 m
1187 2869 1385 2909 unum
1416 2845 1763 2911 consulturi
1793 2845 2258 2925 convenienteS,
2302 2846 2472 2927 prin-

250 2933 430 3017 cipes
510 2867 815 2995 dissidlere
895 2929 1169 3015 plurima
1253 2931 1801 2995 commiseratione
1889 2929 2219 3014 conquesti
2304 2936 2469 2991 sunt.

248 3018 416 3165 590.)
493 3016 1002 3100 Statueruntque,
1048 3023 1116 3078 ut
1159 3014 1418 3078 alterius
1459 3014 1738 3078 fautores
1783 3012 1867 3077 ad
1910 3012 2174 3078 alterum
2220 3010 2471 3075 suasuri

299 3123 334 3165 e
379 3097 886 3165 reconciliatione
936 3099 1290 3179 transirent,
1344 3107 1416 3161 ut
1455 3097 1753 3163 alteruter
1803 3095 2231 3162 benivolentia
2288 3093 2469 3159 alter-

251 3185 458 3249 utrius
503 3193 746 3269 captuS,
797 3180 1042 3246 facilius
1087 3182 1210 3246 sibi
1252 3180 1784 3247 condescenderet
1840 3202 2111 3266 eumque
2169 3200 2283 3265 pro
2339 3178 2471 3243 lesa

253 3268 549 3333 amicicia
589 3265 804 3331 utilius
846 3267 1171 3350 peniteret.
1245 3266 1433 3345 Quod
1477 3263 1835 3329 consultum
1854 3277 1878 3307 Θ
1922 3284 2051 3326 non
2088 3262 2285 3326 multo
2326 3270 2473 3347 post

254 3352 551 3427 effectum
593 3348 832 3413 habuit.
896 3349 1060 3413 Nam
1104 3359 1166 3414 et
1208 3350 1297 3413 eis
1341 3348 1775 3414 efficacissime
1818 3368 2194 3432 persuasum
2237 3353 2349 3427 est,
2394 3366 2471 3408 ac

251 3436 529 3522 plurima
581 3432 913 3498 dilectione
966 3432 1087 3497 sibi
1142 3433 1376 3496 annexi
1429 3442 1592 3496 sunt.
1696 3431 1805 3495 Sic
1848 3432 2040 3495 etiam
2082 3429 2149 3493 in
2189 3430 2473 3514 utrisque

255 3522 354 3585 vis
397 3518 728 3584 amiciciae
771 3516 1022 3581 firmata
1062 3517 1202 3579 visa
1242 3524 1354 3580 est.

481 3657 582 3722 91.
667 3656 991 3721 Promotio
1034 3654 1385 3719 Ludovicif
1420 3654 1488 3717 in
1528 3675 1796 3738 regnum
1838 3652 2251 3716 Francorum.

428 3758 684 3823 Etenim
738 3779 883 3822 cum
934 3780 1052 3822 rex
1093 3755 1291 3821 filium
1335 3778 1519 3821 suum
1561 3754 1960 3819 Ludovicum
2002 3755 2069 3816 in
2110 3774 2305 3837 regno
2354 3752 2474 3816 sibi

259 3843 602 3910 succedere
658 3840 866 3925 vellet,
920 3842 1133 3927 ipsum
1175 3862 1426 3927 quoque
1469 3862 1509 3903 a
1552 3840 1713 3903 duce
1757 3837 2180 3903 ordinandum
2222 3857 2477 3922 quaere·

259 3940 375 4011 ret,
421 3928 558 3992 dux
599 3926 763 3991 hanc
815 3925 1274 3990 ordinationem
1328 3946 1482 3989 mox
1533 3921 1779 3989 liberali
1834 3922 2045 3985 animo
2100 3942 2167 3984 se
2211 3918 2477 3983 admini-

262 4020 605 4078 straturum
647 4010 990 4097 respondit.
1057 4009 1142 4075 Et
1182 4008 1408 4095 legatis
1453 4008 1726 4090 directis,
1771 4026 2112 4091 regnorum
2154 4004 2477 4089 principes

382 4192 428 4246 a)
459 4194 520 4233 sic
562 4206 598 4237 e.
705 4190 752 4244 b)
779 4196 880 4242 post
911 4192 1010 4237 add,
1111 4188 1152 4241 c)
1185 4190 1307 4232 flexu
1345 4202 1460 4237 corr.
1502 4190 1639 4234 flexo.
1743 4184 1789 4239 d)
1824 4197 2088 4237 conquexus
2131 4198 2167 4229 ο.
2272 4184 2315 4238 c)
2350 4196 2481 4228 sena·

263 4257 339 4295 tun
370 4264 408 4295 c.
455 4256 495 4295 1.
617 4250 655 4303 f)
688 4252 898 4293 Rotberti
929 4253 969 4293 1.

2489 453 2589 495 981.

2486 1962 2502 1979 ⁸
2520 1963 2599 2005 fol.
2632 1961 2723 2003 40‘.
