3059 4834
771 285 1074 337 RICHERI
1110 287 1609 338 HISTORIARUM
1647 286 1850 337 LIBRI
1886 287 2021 340 IIII.
2424 287 2502 337 IX

274 455 484 519 multa
516 467 534 500 ¹
593 456 666 518 in
726 455 1001 518 historia
1044 455 1364 520 Ludovici
1407 455 1523 534 IV,
1580 457 1689 518 cui
1732 463 1789 518 et
1828 455 2101 518 Richeri
2154 465 2414 539 patrem
2456 478 2500 518 a

275 538 570 603 consiliis
591 538 817 623 fuisse
862 539 1169 620 discimus,
1213 549 1271 603 et
1299 541 1489 624 cujus
1521 548 1805 602 eaetrema
1832 540 1973 623 ipse
1998 539 2298 622 fortasse
2331 561 2501 622 puer

273 623 458 687 vidit.
546 624 627 685 In
674 623 796 686 hac
841 624 1052 707 iqitur
1095 626 1308 706 operis
1340 631 1542 708 parte
1584 625 1681 686 ita
1718 623 2199 706 procedendum
2243 633 2353 703 est,
2402 632 2496 704 ut,

279 707 570 772 adhibito
615 704 1009 786 FlodoardO,
1060 709 1354 790 primum
1398 708 1560 790 quid
1602 709 1664 769 ei
1707 707 2013 770 debeatur
2056 717 2171 770 aut
2229 708 2499 771 nonnisi

263 813 399 875 pro
466 792 920 854 commentario
986 793 1125 876 ejus
1193 791 1559 855 habendum
1624 792 1706 854 sit
1767 787 2194 877 intelliqatur,
2269 791 2499 854 deinde

277 873 676 960 reliquorum
720 878 793 940 in
822 873 1042 956 fldem,
1105 875 1394 939 auctoris
1448 873 1973 960 vaniloquentiae
2018 898 2095 938 ac
2140 875 2335 938 nimii
2374 898 2497 959 pa-

277 961 448 1022 triae
478 959 683 1023 studii
717 961 974 1023 ratione
1004 959 1248 1039 habita,
1296 961 1700 1042 inquiratur.
1791 957 1940 1032 Qua
1970 960 2081 1022 via
2112 957 2254 1022 licet
2282 981 2501 1022 eorum

278 1064 549 1127 quoque,
595 1065 760 1126 quae
805 1065 885 1104 eoe
909 1042 1218 1125 fontibus
1264 1043 1450 1107 nobis
1493 1044 1851 1128 incoqnitis
1874 1043 2241 1128 fluaeerunt,
2289 1052 2500 1106 aucto-

278 1128 447 1190 ritas
491 1127 880 1211 aliquotiens
923 1126 1408 1212 infrinqatur2,
1465 1149 1544 1190 ea
1588 1136 1798 1190 tamen
1846 1127 1937 1190 ad
1980 1127 2317 1191 historiam
2358 1149 2497 1189 sae-

280 1208 414 1274 culi
479 1211 712 1274 decimi
780 1209 1274 1296 intelliqendam
1332 1210 1697 1294 plurimum
1774 1212 2127 1275 conducere
2197 1212 2499 1296 reperies.

280 1293 510 1357 Altera
555 1295 772 1377 operis
811 1316 999 1378 pars,
1044 1293 1200 1358 libri
1229 1295 1354 1356 III.
1402 1295 1627 1377 capita
1670 1294 1981 1357 22—110.
2028 1305 2085 1359 et
2125 1293 2361 1358 librum
2384 1295 2430 1356 I
2436 1295 2497 1358 V.

279 1377 637 1462 complecca,
671 1380 1112 1463 praecipuam
1157 1379 1281 1442 sibi
1323 1379 1587 1442 laudem
1626 1379 2049 1462 comparabit,
2094 1382 2339 1463 quippe
2366 1401 2500 1464 qua

283 1471 510 1526 auctor
554 1485 743 1525 suum
787 1471 1034 1548 tempus
1079 1471 1136 1526 et
1178 1485 1298 1544 res,
1355 1485 1520 1549 quas
1568 1465 1706 1548 ipse
1749 1472 2053 1547 eocpertus
2092 1462 2334 1545 fuerat
2386 1471 2501 1524 aut

286 1569 327 1608 a
375 1543 697 1626 GerbertO,
765 1549 982 1631 operis
1041 1547 1366 1611 scribendi
1425 1569 1712 1629 suasore,
1778 1549 2136 1628 didicerat,
2201 1546 2500 1627 candide⁷

269 1632 622 1715 perspicue
656 1640 714 1694 et
743 1640 1044 1694 accurate
1074 1633 1476 1715 conscripsit.
1562 1631 1785 1695 Laudi
1828 1633 2093 1712 accedit,
2140 1632 2311 1717 quod
2354 1632 2499 1693 ani-

280 1737 454 1777 mum
483 1714 878 1778 Karolorum
923 1715 1285 1780 studiosum
1327 1716 1424 1779 vel
1455 1724 1609 1798 post
1636 1717 1905 1780 eoeitium
1934 1739 2154 1779 eorum
2182 1716 2499 1796 servavit,-

281 1821 435 1861 nam
478 1797 622 1861 licet
664 1797 1134 1862 Adalberonem
1179 1809 1234 1862 et
1279 1798 1653 1863 Gerbertum
1698 1809 1971 1880 secutus,
2030 1822 2255 1886 requm
2306 1821 2496 1863 novo-

281 1904 430 1944 rum
475 1885 920 1948 auctoritatem
966 1893 1407 1968 aqnoscerctss,
1476 1892 1534 1945 et
1575 1885 1852 1970 tyranni
1908 1884 2305 1964 vocabulum,
2373 1904 2499 1966 quo

285 1975 479 2029 antea
519 1965 774 2030 rebelles
818 1977 877 2030 et
919 1968 1315 2031 desertores4
1358 1966 1596 2031 Karoli
1639 1977 1695 2031 et
1738 1968 2058 2030 Ludovici
2110 1989 2501 2049 nuncupare

283 2047 510 2112 solitus
532 2049 849 2132 fuerat⁵,
909 2051 1062 2113 inde
1109 2050 1186 2112 ab
1234 2051 1542 2135 Huqonisss
1598 2053 2012 2114 coronatione
2063 2051 2137 2114 in
2180 2050 2501 2114 Karolum

280 2133 742 2216 transf'erretss,
799 2136 940 2218 ejus
994 2141 1209 2197 tamen
1265 2150 1504 2196 causae
1532 2135 1868 2217 justitiam
1909 2135 2170 2196 minime
2215 2134 2442 2197 celavit
2458 2146 2500 2213 ⁸¹,

282 2225 339 2280 et
369 2215 804 2280 Adalberonis
831 2217 1299 2280 Laudunensis
1329 2219 1622 2300 episcopi
1642 2218 2085 2301 proditionem
2114 2218 2501 2281 narratione

279 2303 435 2382 ipsa
480 2321 676 2384 quam
719 2302 1028 2364 acerrime
1067 2299 1226 2380 fleri
1257 2309 1520 2384 poterat
1564 2301 1992 2386 reprehendit.
2079 2301 2162 2363 In
2206 2301 2500 2366 conciliis

284 2383 374 2446 ad
419 2381 735 2446 Sanctum
792 2383 1110 2447 Basolum
1174 2393 1230 2446 et
1283 2385 1675 2449 Mosomensi
1734 2384 2091 2449 scribendis
2156 2408 2299 2448 cum
2346 2383 2500 2448 Ger-

282 2467 454 2530 berto
497 2468 572 2530 in
618 2468 992 2531 universum
1035 2470 1356 2552 conqruit,
1415 2469 1740 2551 quaedam
1785 2492 1827 2532 a
1874 2467 2173 2534 Gerberto
2220 2471 2499 2533 omissa⁸

268 2549 552 2637 profert,
613 2555 831 2616 omnia
885 2561 1115 2633 tamen,
1163 2563 1234 2615 ut
1278 2555 1494 2638 operis
1549 2555 1916 2617 institutum
1970 2553 2297 2639 poscebat,
2349 2553 2500 2616 bene

281 2644 588 2720 concepta
632 2637 949 2700 succincte
993 2639 1310 2721 eoeposuit.
1397 2636 1565 2700 Acta
1612 2637 1691 2701 ab
1738 2646 2006 2724 utroque
2047 2639 2295 2702 inserta
2324 2661 2501 2724 pau-

281 2720 560 2782 cissimis
603 2729 660 2784 et
703 2719 951 2784 nullius
994 2722 1293 2784 momenti
1346 2722 1607 2785 vocibus
1668 2721 2065 2807 discrepant,
2126 2723 2239 2788 ubi
2281 2724 2498 2808 cujus-

281 2825 436 2866 nam
483 2806 840 2868 auctoritas
873 2805 1281 2888 praevaleat,
1327 2806 1510 2869 haud
1550 2805 1767 2891 liquet.

459 2887 641 3032 Opus
698 2890 908 2973 iqitur
965 2890 1057 2953 ad
1113 2888 1361 2954 lancem
1421 2912 1785 2974 appensum
1844 2900 2168 2954 auctorem
2230 2890 2502 2954 ostendit

281 2971 509 3035 benevo
538 2995 666 3053 um,
720 2995 1005 3058 gravem,
1064 2996 1384 3059 saqacem‚
1443 2976 1640 3037 varia
1696 2975 2085 3038 eruditionis
2138 2977 2346 3059 specie
2398 2975 2498 3037 in-

279 3064 610 3136 structum,
667 3078 884 3120 rerum
927 3059 1002 3120 in
1047 3081 1287 3121 causas
1341 3059 1673 3142 inquirere
1728 3058 2005 3138 solitum,
2061 3059 2393 3123 hominum
2443 3067 2502 3120 et

279 3143 506 3203 rerum
542 3141 656 3223 qui
701 3140 790 3203 ad
833 3142 1173 3205 historiam
1203 3142 1311 3204 sui
1344 3144 1651 3225 temporis
1673 3141 1983 3226 facerent
2014 3143 2165 3207 bene
2195 3165 2501 3228 quarum,

279 3225 517 3308 quique
575 3224 1018 3289 Romanorum
1075 3223 1362 3310 eoeemplo
1419 3225 1762 3289 historiam
1815 3227 2087 3290 scribere
2149 3227 2499 3290 didicisset.

279 3307 450 3369 Prae
496 3306 649 3372 aliis
694 3309 891 3372 etiam
934 3311 1042 3372 sui
1087 3311 1232 3372 aevi
1273 3308 1701 3392 scriptoribus
1718 3311 1972 3394 peritia
2003 3311 2168 3372 artis
2199 3309 2498 3372 bellicae*

279 3399 336 3454 et
377 3390 661 3454 locorum
680 3403 732 3439 ¹⁰
774 3391 1009 3478 quibus
1038 3413 1140 3456 res
1170 3402 1384 3478 qestae
1416 3401 1567 3455 sunt
1595 3395 1901 3478 insiqnis,
1945 3393 2031 3456 iis
2062 3393 2501 3456 describendis

280 3497 544 3557 operam
583 3475 780 3540 dedit.
865 3477 1146 3540 Errores
1176 3477 1377 3540 nimio
1409 3474 1663 3562 qloriae
1682 3479 1955 3561 patriae
1986 3477 2199 3540 studio
2230 3485 2286 3537 et
2316 3477 2499 3539 vani-

433 3681 485 3750 1)
526 3701 571 3735 e.
612 3700 663 3749 g.
706 3685 781 3747 ΙΙ,
827 3684 981 3734 1-5,
1026 3685 1259 3735 16—20.
1299 3685 1535 3734 30-35.
1580 3685 1710 3732 51-
1738 3685 1825 3737 59.
1869 3684 2126 3736 87—90.
2168 3685 2255 3734 93.
2297 3685 2395 3747 943
2443 3685 2501 3734 iu

278 3757 539 3824 principio
579 3757 820 3808 Lotharii
858 3758 964 3818 111,
1006 3757 1201 3807 6-10.
1351 3754 1410 3822 2)
1451 3773 1496 3807 e.
1527 3773 1581 3822 g.
1621 3757 1698 3817 ΙΙ,
1738 3759 1807 3807 30
1847 3775 1963 3824 sqq.
2004 3757 2073 3807 ad
2114 3758 2335 3808 caedem
2368 3758 2501 3807 Wil-

277 3829 443 3880 helmi
491 3831 933 3882 Nortmannorum
989 3830 1139 3882 ducis
1180 3832 1362 3882 Ottoni
1412 3831 1613 3896 Magno
1664 3831 2031 3898 imputandam
2080 3833 2235 3882 unius
2285 3831 2503 3882 Richexi

278 3905 566 3954 auctoritas
621 3921 728 3955 non
783 3903 996 3955 sufficit.
1158 3901 1216 3968 3)
1257 3905 1585 3964 Rotbertum,
1645 3904 1888 3956 Gerberti
1946 3904 2281 3971 discipulum,
2340 3905 2501 3954 etiam

279 3978 491 4027 novisse
529 3976 768 4039 videtur-3
825 3977 1012 4028 laudat
1050 3993 1167 4027 eum
1207 3978 1300 4040 IV,
1348 3979 1429 4028 13.
1597 3977 1655 4044 4)
1695 3979 1740 4039 Ι,
1779 3979 1867 4030 46.
2020 3977 2077 4043 5)
2118 3994 2163 4030 e.
2204 3995 2257 4044 g.
2297 3979 2371 4037 ΙΙ,
2410 3977 2499 4026 27.

280 4045 339 4116 6)
380 4051 474 4111 IV,
515 4049 600 4102 18.
753 4048 807 4115 7)
848 4052 942 4110 IV,
983 4051 1070 4099 39.
1239 4048 1299 4115 8)
1339 4050 1604 4102 Gnidonis
1654 4052 1895 4119 episcopi
1950 4054 2242 4102 orationem
2293 4051 2389 4113 IV,
2428 4051 2495 4098 63

282 4119 461 4188 [quam
499 4122 678 4174 fictam
718 4123 990 4190 putarimJ.
1157 4120 1216 4189 9)
1258 4123 1339 4174 Of.
1379 4122 1765 4190 descriptiones
1804 4141 2099 4192 pugnarum
2140 4130 2192 4175 et
2230 4124 2497 4174 machina-

277 4211 391 4246 rum
431 4196 743 4248 bellicarum
782 4198 828 4260 I,
867 4195 898 4244 8
937 4213 1053 4262 sqq.
1130 4198 1204 4257 ΙΙ,
1248 4197 1330 4250 10.
1373 4198 1458 4249 35.
1500 4197 1588 4248 45.
1660 4198 1763 4265 111,
1805 4197 1856 4250 8.
1902 4198 2201 4249 103--107.
2272 4199 2366 4258 IV,
2411 4198 2494 4246 17.

281 4270 368 4321 19.
407 4269 494 4321 22.
649 4269 740 4337 10)
781 4287 828 4321 e.
869 4286 920 4336 g.
960 4271 1064 4331 111,
1107 4271 1229 4320 101.
1269 4270 1494 4321 Virduni
1532 4271 1680 4322 situs.
