3059 4834
486 428 595 478 '936-

385 771 487 812 Iun.
521 771 591 812 19.

372 2401 389 2422 *
404 2404 485 2447 fol.
522 2408 591 2449 16.

494 3707 593 3748 937.

609 251 679 300 42
1121 249 1426 301 RICHERI
1464 249 1970 302 HISTORIARUM
2006 248 2227 299 LIBER
2265 249 2339 299 ΙΙ.

615 415 867 498 Quibus
910 415 1326 481 militantibus
1371 438 1516 480 cum
1560 415 1760 481 multa
1800 415 2146 481 ambitione
2200 425 2263 481 et
2321 414 2624 500 obsequio
2668 415 2842 479 Lau-

613 502 853 566 dunum
912 500 1219 566 deductus
1278 510 1391 567 est.
1491 500 1626 566 Ubi
1686 501 1876 566 ctiam
1937 510 2001 565 et
2053 499 2408 585 regnandi⁸¹
2461 499 2600 564 iura
2659 500 2840 585 quin-

612 586 875 650 dennisb
919 585 1259 670 accipienS,
1308 585 1602 650 omnibus
1644 584 2003 649 faventibus
2059 607 2176 669 per
2219 583 2563 648 domnumh
2607 593 2838 648 metro-

610 669 965 754 politanum
1008 667 1346 734 Artoldum
1402 670 1593 732 cumb
1649 668 2009 754 episcopisb
2067 668 2192 731 20¹³
2245 689 2362 731 rex
2414 676 2660 732 creatus
2718 679 2837 733 est.

610 753 771 819 Inde
816 774 1067 841 quoque
1112 751 1445 834 deductus,
1504 754 1574 817 in
1615 752 1840 817 vicinis
1899 749 2165 816 urbibus
2216 750 2607 836 gratulanter
2665 754 2838 815 exci-

610 839 801 925 pitur.
901 838 1201 903 Universi
1267 838 1369 902 eib
1435 835 1852 922 applaudunt.
1941 836 2182 901 Omnes
2247 834 2540 900 letantur.
2627 835 2838 900 Tanta

611 924 895 986 omnium
937 922 1097 985 fuito
1154 932 1217 990 et
1270 920 1491 986 eadem
1544 943 1745 985 mens.
1834 920 1968 984 Nec
2023 921 2234 983 minus
2285 929 2348 983 et
2391 919 2833 1004 Burgundiam

609 1016 825 1093 petere
868 1028 945 1070 ac
986 1006 1178 1069 urbes
1222 1005 1533 1091 sedesque
1575 1005 1784 1090 regias
1826 1003 2092 1068 lustrare
2135 1025 2174 1067 a
2217 1003 2381 1068 duce
2422 1014 2733 1068 monetur.

798 1130 855 1192 5.
919 1127 1108 1191 Rexd
1152 1147 1296 1189 cum
1340 1125 1502 1191 duce
1546 1126 1680 1188 Bur
1728 1126 2029 1190 undiamd
2071 1124 2269 1211 petit‘*
2321 1144 2399 1188 ac
2440 1123 2665 1188 urbem

1194 1211 1612 1295 Lingonicam
1630 1211 1658 1252 ‘¹
1747 1208 1866 1274 ello
1914 1208 2140 1308 [prem]
2156 1209 2206 1272 it
2221 1208 2266 1270 ἃ.

775 1296 933 1360 Mox
977 1295 1252 1360 hortanti
1298 1296 1698 1358 consentiens
1716 1307 1760 1376 θ,
1808 1292 2250 1392 Burgundlam
2294 1291 2458 1356 duce
2493 1293 2835 1356 comitante

609 1378 964 1465 ingreditur
984 1392 1028 1442 ¹.
1133 1378 1239 1442 Ad
1299 1401 1486 1465 quem
1553 1377 1811 1443 urbium
1875 1378 2199 1462 principes
2261 1375 2622 1461 benigniter
2684 1397 2833 1440 con-

608 1463 896 1543 fluenteS,
940 1463 1279 1548 magnifice
1324 1472 1734 1547 exceperunt..
1820 1461 1920 1526 Ac
1962 1483 2034 1525 ro
2082 1462 2170 1524 ati
2215 1458 2407 1524 fidem
2451 1461 2585 1524 iure
2629 1481 2835 1524 sacra-

610 1548 806 1611 menti
850 1547 1178 1610 dederunt.
1264 1546 1461 1632 Hugo
1504 1555 1771 1627 tantum,
1816 1543 2028 1609 Rodul
2128 1545 2300 1630 regis
2344 1543 2556 1626 frater,
2599 1543 2834 1629 Lingo-

609 1631 820 1694 nicam
863 1628 1089 1693 urbem
1132 1630 1486 1715 possidens,
1529 1631 1668 1715 regi
1713 1650 2042 1694 occurrere
2086 1626 2347 1711 distulit,
2395 1631 2505 1714 qui
2546 1650 2835 1692 occurre-

609 1723 757 1777 runt
812 1712 1155 1777 admodum
1214 1714 1413 1778 iratus
1434 1725 1477 1776 ².
1564 1714 1707 1778 Rex
1765 1713 1919 1777 dum
1969 1736 2084 1798 per
2139 1711 2382 1798 aliquot
2439 1711 2833 1777 ebdomadas

612 1819 728 1861 sua
770 1795 1081 1878 lustraret,
1147 1798 1390 1861 inimici
1433 1797 1743 1862 invidiam
1801 1795 2095 1861 advertit.
2201 1797 2572 1882 Proponens
2617 1797 2834 1882 itaque

608 1890 754 1946 ante
827 1880 1177 1946 discessum
1253 1880 1491 1945 nullam
1570 1881 1873 1968 preterire
1945 1880 2190 1962 urbem,
2255 1879 2495 1966 legatos
2566 1880 2834 1966 Hugoni

610 1965 859 2051 dirigit,
919 1965 1028 2051 qui
1086 1987 1125 2028 a
1228 1967 1521 2030 ertinatia
1581 1988 1728 2031 eum
1785 1975 2084 2029 revocent
2138 1986 2218 2030 ac
2261 1965 2320 2029 ei
2365 1964 2444 2029 de
2488 1964 2615 2029 fide
2675 1962 2840 2028 sibif

610 2051 921 2115 servanda
949 2071 1181 2148 persua
1228 2059 1391 2114 eant.
1465 2049 1596 2130 Qui
1623 2049 1798 2135 apud
1829 2071 1976 2113 eum
2004 2057 2390 2136 peroranteS,
2435 2047 2592 2111 nihil
2627 2049 2832 2134 pacis,

608 2132 765 2197 nihil
807 2136 969 2219 regii
1010 2133 1267 2198 honoris
1310 2144 1713 2219 acceperunt.
1800 2132 1990 2198 Unde
2020 2142 2083 2198 et
2112 2133 2402 2218 digressi,
2447 2133 2666 2197 audita
2693 2134 2836 2218 regi

608 2218 907 2283 referunt.
992 2217 1188 2304 Hugo
1243 2227 1456 2304 preter
1506 2219 1608 2282 ius
1654 2240 1722 2282 se
1764 2219 1971 2302 egisse
2015 2217 2370 2298 dinoscens,
2431 2217 2577 2281 urbi
2613 2217 2834 2302 copias

612 2301 912 2388 deputat3
976 2302 1115 2386 ipse
1169 2303 1237 2366 in
1277 2311 1489 2387 partes
1544 2304 1726 2388 regni
1785 2303 2130 2367 exteriores
2183 2323 2387 2387 usque
2437 2301 2520 2364 ad
2578 2311 2835 2388 tempus

612 2387 931 2451 secedens.
1038 2386 1181 2450 Rex
1237 2408 1388 2451 vero
1441 2387 1752 2473 pertinaci
1810 2385 2170 2470 indignans,
2237 2385 2588 2450 exercitum
2649 2390 2668 2408 ‘
2689 2385 2838 2450 urbi

612 2471 911 2558 applicat,
966 2493 1005 2534 a
1047 2481 1226 2555 parte
1286 2493 1412 2556 qua
1463 2470 1804 2555 planiciem
1861 2469 2100 2556 prefert
2141 2492 2232 2554 pu
2321 2490 2428 2531 am
2469 2470 2698 2534 acriter
2743 2471 2838 2532 in-

611 2576 858 2640 gerens.
942 2553 1161 2618 Altera
1204 2555 1371 2619 enim
1414 2565 1616 2640 parte,
1659 2552 1852 2617 latere
1899 2554 2129 2618 montis
2173 2575 2208 2616 e
2255 2562 2422 2634 ucto,
2466 2575 2632 2639 pene
2662 2555 2839 2618 inac-

614 2636 921 2703 cessibilis
965 2646 1077 2701 est.
1141 2638 1219 2701 In
1247 2649 1427 2722 parte
1470 2660 1624 2722 ergo
1671 2658 1834 2723 quae
1879 2636 2194 2701 obsidioni
2231 2637 2438 2723 aptior
2478 2647 2574 2701 est
2601 2635 2839 2702 milites

612 2721 757 2785 urbi
800 2743 917 2784 rex
960 2743 1106 2785 cum
1151 2720 1312 2786 duce
1370 2720 1649 2787 adhibet.
1747 2720 1999 2801 Quibus
2056 2722 2210 2806 inpu
2303 2720 2556 2785 antibus
2618 2721 2840 2788 hostes

610 2805 1163 2871 vehementissime
1205 2805 1548 2870 resistunt³
1604 2802 1746 2879 telis
1795 2827 1875 2868 ue
1927 2823 2004 2869 ac
2060 2803 2190 2889 lapi
2241 2805 2382 2869 ‘bus
2425 2827 2638 2870 aerem
2684 2805 2842 2872 den·

613 2898 755 2953 sant
783 2897 972 2974 atque
1000 2890 1374 2974 impetentes
1403 2897 1700 2954 atterunt.
1751 2826 1922 2953 ίἒῐοῑι
1949 2899 2164 2954 tamen
2191 2911 2393 2975 usque
2423 2889 2508 2953 ad
2537 2890 2841 2954 effectum

610 2971 990 3058 repulsionis
1033 2983 1314 3059 perstare
1358 2982 1719 3058 potuerunt.
1805 2972 1971 3037 Nam
2013 2973 2176 3058 regii
2219 2975 2537 3060 equitatus
2581 2972 2842 3039 infesta-

614 3057 852 3121 tionem
896 3078 1025 3120 non
1082 3056 1373 3140 ferentes,
1428 3079 1467 3120 a
1517 3067 1699 3142 parte
1739 3067 2064 3143 prerupta,
2126 3079 2288 3144 quae
2333 3057 2661 3123 obsidione
2703 3081 2844 3122 non

612 3141 1057 3226 premebatur,
1142 3151 1328 3206 nocte
1411 3144 1651 3226 egressi
1719 3141 2116 3226 aufugerunt.
2233 3139 2424 3206 Cives
2493 3164 2647 3206 vero
2723 3145 2846 3228 qui

612 3233 1051 3290 remanserunt
1091 3226 1229 3310 regi
1272 3246 1425 3288 mox
1458 3234 1676 3311 portas
1705 3247 2030 3310 aperuere,
2076 3248 2222 3290 eum
2253 3246 2394 3289 cum
2429 3227 2559 3290 suis
2588 3225 2842 3312 absque

613 3307 1064 3394 refragratione
1129 3310 1196 3372 in
1259 3307 1416 3373 urbe
1481 3308 1929 3394 gratulabundi
1993 3311 2405 3396 excipientes.
2507 3309 2653 3390 Qua
2715 3332 2844 3374 rex

613 3394 874 3478 potitUS,
918 3391 1001 3456 ab
1046 3394 1181 3457 eius
1228 3393 1529 3479 episcopo
1585 3392 1723 3458 aliis
1773 3415 1853 3457 ue
1908 3395 2091 3479 regni
2148 3393 2519 3480 proceribus
2578 3392 2842 3460 obsides

614 3479 862 3564 accepit
903 3485 1094 3563 atque
1139 3478 1273 3540 sicb
1320 3499 1466 3566 cum
1510 3477 1672 3541 duce
1772 3478 2034 3542 arisium
2076 3479 2199 3542 iter
2238 3479 2509 3543 retorsit.

884 3599 942 3661 6.
1008 3599 1150 3662 Rex
1194 3596 1413 3661 ducis&
1454 3599 2010 3683 procurationem&
2052 3619 2092 3661 a
2135 3620 2203 3662 se
2247 3605 2502 3662 amovet
2516 3609 2562 3661 8.

779 3681 921 3745 Rex
963 3680 1242 3746 felicium
1286 3703 1497 3745 rerum
1543 3704 1844 3747 successu
1902 3680 2122 3764 elatus,
2181 3692 2394 3767 preter
2453 3682 2634 3747 ducis
2690 3704 2852 3768 pro-

616 3765 1007 3829 curationem
1060 3788 1161 3830 res
1220 3787 1366 3830 suas
1425 3765 1704 3830 ordinari
1755 3787 1944 3851 posse
2003 3764 2330 3851 cogitabat
2341 3775 2388 3829 ⁴.
2489 3765 2675 3831 Unde
2729 3771 2857 3834 eth

733 3890 777 3943 a)
810 3903 1058 3940 regnorum
1099 3904 1195 3932 mox
1238 3904 1352 3933 corr.
1395 3894 1639 3941 regnandi.
1790 3890 1837 3944 b)
1865 3900 1968 3943 post
1997 3895 2097 3935 add.
2247 3891 2288 3944 c)
2322 3904 2362 3934 o.
2396 3895 2442 3933 et
2471 3893 2676 3933 omnium
2709 3904 2750 3933 e.
2811 3899 2856 3939 1,

616 3949 662 4001 d)
694 3951 776 4003 Re,
804 3953 861 4002 B,
891 3962 1035 4003 prem,
1067 3952 1137 4001 Li,
1172 3963 1226 3991 ca
1255 3952 1385 4003 abac„
1420 3953 1545 4002 capit
1575 3952 1668 4000 del„
1700 3952 1788 3991 alio
1819 3953 1964 3993 addito
1995 3953 2199 3992 vocabulo
2230 3963 2346 3992 nunc
2378 3953 2570 3992 obscuro.
2675 3951 2719 4004 e)
2757 3964 2856 3998 sua

611 4011 792 4050 visurus
824 4011 921 4049 add.
958 4013 1000 4050 1.
1117 4009 1151 4063 f)
1180 4012 1281 4059 regi
1313 4013 1354 4053 1.
1474 4009 1522 4062 g)
1556 4012 1611 4063 is,
1644 4021 1709 4062 ra,
1742 4021 1800 4063 m,
1834 4015 1880 4052 et
1908 4013 2019 4052 abac.
2139 4010 2186 4063 h)
2220 4013 2480 4052 invidorum
2510 4011 2587 4050 del.

766 4084 821 4153 1)
861 4087 942 4139 Of.
981 4087 1134 4141 Flod.
1178 4090 1299 4140 936.
1450 4087 1507 4154 2)
1547 4090 1582 4140 i.
1624 4104 1671 4139 e.
1722 4090 1888 4141 iratus
1939 4085 2150 4156 (Hugo)
2206 4090 2273 4140 iis
2331 4091 2421 4155 qui
2478 4099 2853 4145 occurrerunt.

615 4156 1171 4286 ffldssuqientffluqbikgs
1202 4179 1314 4285 9q3u572
1365 4177 1481 4213 eam
1533 4161 1793 4214 custodire
1843 4161 2161 4214 videbantur
2209 4160 2324 4214 sine
2374 4163 2502 4214 bello
2553 4161 2852 4228 recipiunt.
