3059 4834
638 270 946 325 RICHERI
983 273 1492 327 HISTORIARUM
1528 272 1753 324 LIBER
1789 272 1895 323 111.
2321 271 2392 321 93

24 468 27 473 ·
148 438 274 503 'Et
318 436 618 504 Tetbaldi
660 438 920 525 quidem
961 437 1114 522 filio,
1174 440 1285 526 qui
1341 461 1479 505 sese
1532 437 1662 503 sibi
1711 438 2119 503 commiserat
2159 436 2521 503 milita-‘ror
2556 454 2648 500 w.

145 531 391 603 turum,
436 532 718 587 castrum
746 523 866 588 sub
896 522 1259 589 conditione
1287 521 1644 589 servandae
1659 531 1687 563 ⁸
1727 520 2046 586 fidelitatis
2076 521 2386 587 concedit.
2405 532 2511 574 ⁹⁶⁵·

323 606 426 670 21.
494 605 639 686 Quo
697 606 892 669 etiam
946 614 1234 693 tempore
1275 605 1583 670 Arnulfus
1633 604 2031 670 Morinorum
2044 690 2057 705 ·
2082 606 2386 692 princeps

24 744 26 747 ,
146 689 276 753 hac
329 690 466 754 vita
519 688 814 755 decessit.
922 689 1123 756 Cuius
1175 698 1412 755 terram
1464 689 1805 754 Lotharius
1863 711 1983 755 rex
2039 711 2386 775 mgressus,

145 773 284 838 filio
342 772 625 838 defuncti
674 772 1019 839 liberaliter
1073 773 1286 839 reddit
1337 795 1611 860 eumque
1669 794 1815 837 cum
1870 771 2177 838 militibus
2249 774 2387 838 iure

145 866 700 922 sacramentorum
742 856 865 922 sibi
906 859 1252 924 anneotitb·
1266 871 1309 922 ¹.

326 941 429 1005 22.
493 940 664 1005 Huic
682 951 706 986 ²
795 962 1007 1026 uoque
1047 940 1280 1028 regalis
1331 940 1684 1006 nobilitatis
1702 950 1729 986 ³
1780 941 1883 1003 vir
1923 938 2249 1005 Adalbero
2302 962 2387 1003 ex
2404 964 2505 1007 πο.

143 1024 567 1088 Mettensium
611 963 902 1089 similiter
942 1023 1208 1111 collegio
1261 1034 1555 1089 strenue⁰
1606 1046 1686 1088 ac
1736 1022 2005 1088 feliciter
2058 1024 2385 1088 successit.

148 1108 288 1189 Qui
334 1117 570 1194 quanto
614 1109 745 1171 suis
788 1108 1100 1194 profuerit
1152 1119 1215 1174 et
1316 1117 1511 1173 uanta
1566 1108 1649 1173 ab
1704 1106 1972 1172 aemulis
2019 1105 2173 1205 plus
2215 1108 2384 1172 iusto

146 1214 386 1277 passus
430 1192 532 1273 sit,
576 1212 769 1278 opere
812 1194 1107 1279 sequenti
1160 1192 1281 1258 dec
1377 1194 1609 1259 abitur.
1708 1190 1838 1255 Hic
1894 1191 1961 1253 in
2013 1191 2194 1256 mitio
2289 1200 2388 1257 ost

147 1275 254 1339 sui
295 1275 763 1360 promotionem
807 1277 1137 1341 structuris
1179 1275 1527 1342 aecclesiae
1570 1297 1721 1339 suae
1749 1273 2096 1361 plurimum
2124 1284 2229 1340 stu
2273 1276 2385 1340 uit.

146 1359 461 1424 Fornices
503 1360 695 1441 enim,
739 1360 852 1445 qui
894 1359 978 1425 ab
1022 1359 1368 1426 aecclesiae
1411 1360 1675 1425 introitu
1724 1380 1843 1446 per
1887 1369 2180 1446 quartam
2220 1381 2385 1445 pene

145 1444 348 1507 totius
388 1441 693 1507 basilicae
708 1445 735 1485 ‘¹
823 1452 1023 1509 artem
1067 1445 1373 1509 eminenti
1427 1452 1745 1508 structura
1797 1442 2326 1509 distendebantur
2339 1456 2384 1526 θ,

148 1528 410 1613 penitus
454 1525 650 1591 diruit
659 1536 707 1590 ⁴.
858 1527 986 1593 nde
1041 1536 1104 1592 et
1146 1526 1456 1614 ampliore
1497 1525 1906 1613 receptaculo
1951 1535 2015 1591 et
2056 1525 2356 1612 digniore
2371 1527 2394 1571 f

149 1619 436 1675 scemate
478 1619 615 1677 tota
655 1609 967 1675 aecclesia
1007 1611 1308 1678 decorata
1350 1620 1464 1677 est.
1563 1609 1816 1696 Corpus
1875 1630 2131 1696 quoque
2184 1612 2389 1676 sancti

146 1693 388 1758 Kalisti
428 1715 636 1841 paqae
680 1703 746 1759 et
786 1696 1062 1760 martiris
1107 1694 1324 1760 debito
1378 1695 1619 1760 honore
1672 1695 1739 1757 in
1795 1695 1938 1780 ipso
1956 1704 1982 1735 ³
2039 1692 2387 1761 aecclesiae

147 1779 218 1842 in
267 1800 466 1860 ressu,
563 1799 677 1842 oco
742 1778 984 1844 scilicet
1046 1778 1311 1844 editiore
1327 1791 1376 1861 8,
1444 1777 1795 1843 collocavit.
1902 1775 2132 1863 Ibique
2190 1777 2387 1844 altare

149 1862 235 1927 de
284 1862 478 1945 ’cans,
525 1864 870 1927 oratorium
910 1861 1253 1927 fundendis
1279 1864 1426 1927 Deo
1464 1862 1769 1947 precibus
1798 1860 2387 1926 commodissimum

149 1946 420 2032 aptavit.
505 1943 726 2011 Altare
781 1947 1162 2032 precipuum
1226 1945 1523 2010 crucibus
1568 1945 1781 2009 aureis
1821 1945 2193 2029 insigniens,
2239 1966 2385 2008 can·

153 2027 330 2095 cellis
373 2030 693 2116 utrimque
736 2031 1134 2096 radiantibus
1180 2028 1521 2095 obvelavit.

322 2114 424 2179 23.
487 2114 709 2179 Preter
760 2114 920 2179 haec
974 2115 1166 2178 etiam
1225 2112 1423 2178 altare
1476 2113 1894 2197 gestatorium
1949 2131 2078 2174 non
2130 2110 2341 2176 viliori
2357 2112 2387 2154 ¹¹

123 2196 738 2368 {fixisffltor
757 2198 1046 2366 Sssffige
1067 2194 2078 2365 {Z‘Zssr332⁰⁶{}ss{{s?a{ufflu¹33u3t²
2122 2204 2387 2364 ἓξὲξ

154 2365 498 2449 imagines,
569 2363 860 2451 singulae
930 2366 999 2429 in
1071 2364 1337 2452 singulis
1409 2386 1492 2427 an
1611 2366 1661 2427 's
1732 2369 1989 2426 stantes.
2097 2361 2387 2442 Quarum

155 2448 655 2536 uniuscuiusque
724 2448 864 2514 alae
939 2458 1242 2514 extensae
1306 2450 1432 2514 duo
1519 2457 1698 2513 atera
1754 2444 1971 2510 altaris
2035 2467 2239 2531 usque
2303 2446 2390 2511 ad

154 2529 442 2597 medium
471 2531 855 2598 obvelabant
868 2534 904 2596 ί.
971 2533 1201 2597 Facies
1229 2554 1384 2597 vero
1422 2553 1594 2618 agno
1630 2528 2015 2594 inmaculato
2046 2542 2387 2595 conversas

153 2615 590 2681 intendebant.
675 2617 754 2681 In
797 2638 923 2703 quo
968 2620 1162 2682 etiam
1204 2615 1516 2680 ferculum
1546 2613 1906 2681 Salomonis
1946 2613 2184 2678 imitari
2211 2614 2387 2680 vide-
2406 2633 2705 2686 caesurae.

154 2698 363 2764 batur.
450 2700 636 2765 Fecit
679 2722 932 2787 quoque
977 2699 1432 2767 candelabrum
1473 2697 1861 2786 septifidum.
1945 2698 2025 2762 In
2068 2719 2195 2783 quo
2240 2719 2387 2762 cum

157 2793 405 2869 septem
448 2782 530 2848 ab
585 2806 714 2849 uno
772 2793 1125 2870 surgerent,
1168 2782 1328 2849 illud
1384 2784 1749 2870 significare
1800 2779 2158 2865 videbatur,
2258 2783 2390 2847 uod
2408 2811 2467 2855 cf.
2504 2814 2543 2854 1.
2575 2813 2679 2857 cor.

154 2865 240 2932 ab
297 2889 428 2932 uno
493 2868 740 2954 Spiritu
801 2879 1046 2954 septem
1107 2870 1458 2955 gratiarum
1523 2868 1694 2933 dona
1758 2865 2144 2930 dividantur.
2314 2888 2388 2931 ec
2420 2872 2489 2923 12,
2508 2873 2668 2917 8-10·

157 2951 368 3016 minus
411 2961 476 3017 et
515 2974 733 3016 arcam
777 2974 968 3039 opere
1028 2951 1304 3038 eleganti
1318 2954 1350 2995 ¹¹
1401 2952 1747 3017 decoravit.
1843 2950 1924 3013 In
1965 2971 2094 3036 qua
2135 2950 2389 3034 virgam
2407 2985 2514 3028 effi
2522 2985 2706 3035 Θηρώ

156 3046 224 3100 et
264 3038 546 3117 mannal,
580 3112 584 3117 ι
620 3035 689 3100 id
753 3048 850 3101 est
915 3047 1279 3102 sanctorum
1341 3034 1664 3124 reliquias,
1739 3034 2011 3119 operuit.
2098 3033 2387 3100 Coronas

161 3140 414 3206 quoque
457 3141 589 3184 non
631 3120 896 3185 minima
937 3121 1211 3206 inpensa
1249 3119 1634 3186 fabrefactas
1692 3120 1760 3182 in
1802 3115 2147 3183 aecclesiae
2192 3117 2386 3183 decus

157 3203 509 3288 suspendit.
597 3202 811 3284 Quam
863 3203 1156 3269 fenestris
1214 3202 1503 3268 diversas
1562 3201 2037 3269 continentibus
2091 3201 2387 3266 historias

159 3285 572 3351 dilucidatam
615 3288 944 3373 campanis
987 3288 1421 3373 mugientibus
1465 3287 1599 3352 acsi
1639 3293 1967 3350 tonantem
2010 3283 2204 3349 dedit.

325 3370 429 3435 24.
496 3370 856 3435 Canonicos
899 3372 1108 3453 etiam,
1153 3371 1266 3457 qui
1305 3374 1376 3434 in
1415 3370 1695 3456 propriis
1736 3366 2041 3452 hospiciis
2086 3366 2390 3452 degentes

158 3462 407 3518 tantum
459 3475 576 3518 sua
629 3455 958 3536 curabant,
1023 3455 1214 3519 iurem
1279 3453 1753 3518 communitatis
1792 3451 2014 3517 vivere
2062 3450 2389 3514 instruxit.

159 3536 350 3603 Unde
392 3547 457 3602 et
498 3536 848 3603 claustrum
889 3538 1273 3603 monasterio
1318 3537 1586 3619 addidit,
1640 3536 1711 3599 in
1754 3556 1880 3621 quo
1924 3533 2029 3598 die
2070 3542 2391 3599 morantes

277 3718 324 3772 a)
363 3723 462 3769 post
490 3720 591 3759 aad.
750 3716 799 3769 b)
842 3723 1033 3769 quatuor
1076 3718 1202 3757 lineis
1243 3718 1381 3758 εναείε
1422 3718 1595 3766 iamque
1636 3716 1800 3764 vacuis,
1841 3715 2126 3765 prosequitur
2164 3715 2394 3764 primaeva

158 3778 392 3828 scriptura.
513 3776 556 3830 c)
587 3788 803 3827 cuper-eor.
834 3778 909 3817 sed
955 3777 1035 3819 del.
1063 3778 1255 3817 utiliter.
1391 3774 1440 3828 d)
1473 3776 1664 3816 oratorii
1697 3778 1739 3818 1.
1884 3771 1929 3825 e)
1975 3773 2325 3815 distendebatur
2354 3783 2391 3813 ο.

161 3834 198 3887 f)
229 3837 529 3878 honoratiore
563 3838 604 3879 1.
724 3835 771 3888 g)
815 3837 1120 3877 eminentiore
1153 3837 1194 3877 1.
1313 3832 1363 3885 h)
1407 3835 1575 3875 minori
1608 3836 1648 3875 1.
1779 3831 1815 3884 i)
1847 3833 1936 3874 vel.
1970 3834 2011 3874 1.
2118 3829 2168 3883 k)
2202 3833 2395 3879 argento

160 3906 370 3947 auroque
400 3896 506 3937 add.
539 3898 581 3937 1.
699 3895 736 3946 l)
771 3907 831 3936 m.
863 3896 1058 3936 reclusit
1088 3897 1129 3947 1,
1159 3894 1235 3934 aba·
1263 3894 1313 3934 ld
1343 3897 1414 3934 est
1440 3895 1490 3933 in
1518 3905 1659 3943 mar-9.
1777 3888 1841 3943 m)
1875 3902 1915 3932 c.
1945 3892 1978 3932 i.
2014 3893 2053 3931 1.

314 4024 373 4093 1)
421 4028 530 4079 Hic
565 4026 863 4080 Flodoardi
905 4027 1202 4079 Annalibus
1255 4024 1644 4088 deficientibus,
1693 4023 1903 4089 reliqua
1953 4027 2140 4074 auctor
2175 4022 2392 4090 proprio

163 4106 332 4152 marte
373 4102 707 4167 conscripsit.
855 4098 915 4167 2)
953 4100 1223 4167 odelrico,
1266 4100 1416 4151 cuius
1464 4100 1522 4150 in
1559 4098 1680 4150 loco
1716 4097 1827 4148 iam
1878 4110 2030 4147 eraso
2070 4096 2397 4147 mentionem

159 4173 358 4225 fecisse
409 4173 622 4225 videtur
657 4180 858 4226 auctor.
1027 4171 1086 4240 3)
1125 4173 1294 4224 Filius
1327 4171 1607 4224 Godefridi
1648 4168 2113 4223 Arduennensium
2167 4170 2396 4221 comitis.

168 4246 225 4311 4)
267 4246 351 4301 cf.
389 4247 528 4315 App.
568 4247 747 4312 Flos„
779 4248 876 4299 SS.
913 4247 1021 4312 111,
1057 4264 1113 4313 p.
1149 4246 1278 4298 407.
