3059 4834
592 443 694 488 ⁹56.

582 1909 683 1949 959.

479 2503 556 2559 ⁶1).
589 2509 690 2552 612.

704 259 775 312 90
1218 256 1524 310 RICHERI
1561 257 2068 312 HISTORIABUM
2103 261 2329 314 LIBER
2367 259 2478 312 111.

876 426 936 492 9.
1000 424 1115 490 Ille
1170 425 1239 488 in
1294 423 1498 488 multa
1555 447 1670 511 spe
1729 424 1944 488 omnia
2048 449 2244 494 onens
2259 438 2306 508 ⁸,
2377 428 2608 514 regina
2668 428 2906 513 conscia,

707 532 855 575 cum
898 508 1148 575 duabus
1190 507 1560 574 cohortibus
1589 506 1900 594 oppidum
2032 513 2079 575 't
2116 532 2213 594 ac,
2254 509 2646 576 ducentibus
2674 513 2748 575 iis
2773 533 2905 598 quos

752 593 1101 676 remiserat,
1168 614 1284 677 per
1346 591 1556 656 locum
1617 602 2083 678 competentem
2123 604 2479 660 nocturnus
2525 594 2903 680 ingreditur&

764 687 933 742 ortas
964 687 1028 742 et
1055 675 1267 741 exitus
1299 698 1518 742 omnes
1569 676 1866 762 pervadit
1901 697 1978 740 ac
2007 679 2323 761 custodes,
2367 700 2454 742 ne
2487 679 2635 764 quis
2664 678 2902 764 effugiat,

706 760 991 847 deputat.
1064 761 1215 846 Ipse
1258 759 1343 824 ad
1386 758 1758 824 cubiculum
1799 758 2097 826 dominae
2137 761 2655 828 ferventissimus
2716 761 2902 827 tendit.

704 845 1005 930 Eumque
1048 845 1393 928 ingressus,
1438 854 1707 909 matrem
1751 865 1898 907 cum
1941 845 2191 910 duobus
2233 847 2402 911 natis
2433 844 2899 932 comprehendit.

703 927 836 993 Alii
877 949 1031 993 vero
1077 928 1467 991 ornamentis
1496 927 1899 1012 asportandis
1928 928 2325 995 insistebant.
2392 928 2899 1015 comprehendit»

705 1023 770 1078 et
837 1010 1070 1076 milites
1152 1010 1592 1110 oppidumque
1661 1011 2011 1078 succendit.
2131 1015 2279 1094 Quo
2351 1013 2719 1094 combusto,
2783 1033 2896 1075 eum

703 1097 965 1162 domina
1008 1103 1073 1160 et
1113 1103 1282 1159 nat1s
1325 1093 1762 1181 militibusque
1806 1096 2282 1182 comprehensis
2323 1096 2410 1162 ad
2453 1097 2743 1182 reginam
2774 1095 2898 1162 Ger·

701 1178 967 1266 bergam
1009 1200 1302 1244 reversus
1346 1187 1460 1243 est.

873 1282 972 1346 10.
1017 1279 1210 1361 Quod
1232 1280 1602 1366 Ragenerus
1629 1281 2047 1366 comperiens,
2077 1290 2255 1347 tanta
2275 1283 2660 1348 necessitate
2689 1281 2894 1360 ductus,

701 1366 1092 1446 Brunonem,
1144 1364 1405 1430 &auem
1447 1366 1727 1450 reginae,
1771 1363 2072 1449 postulat,
2129 1376 2201 1430 ut
2255 1376 2509 1431 mature
2555 1363 2896 1450 colloquium

704 1470 831 1536 quo
890 1448 1110 1514 iubeat
1164 1449 1390 1534 regina
1444 1450 1888 1530 constituatur,
1946 1447 2059 1512 ubi
2117 1450 2257 1535 ipse
2311 1471 2587 1515 uxorem
2643 1459 2706 1514 et
2748 1455 2894 1510 natos

700 1533 973 1618 recipiat
1046 1541 1110 1596 et
1161 1533 1387 1616 regina
1442 1531 1636 1596 aedes
1691 1540 1754 1596 et
1811 1532 2036 1617 predia
2089 1545 2389 1598 resumat.
2499 1533 2691 1615 Quod
2743 1530 2895 1596 etiam

706 1625 939 1681 statuto
980 1625 1270 1712 tempore
1299 1615 1540 1679 factum
1571 1625 1685 1679 est.
1749 1613 1916 1679 Nam
1944 1614 2177 1680 habitis
2207 1618 2537 1704 utrimque
2567 1614 2895 1692 rationibuS,

705 1721 777 1763 re
827 1699 842 1714 '
892 1718 932 1760 a
984 1720 1023 1761 a
1079 1705 1330 1762 tlranno
1373 1697 1601 1783 predia
1656 1699 1920 1786 recepit,
1980 1709 2044 1764 et
2098 1701 2241 1786 ipse
2283 1724 2561 1767 uxorem
2637 1709 2700 1765 et
2745 1705 2894 1760 natos

706 1805 774 1847 m
824 1784 1068 1867 itesque
1100 1781 1361 1846 reduxit
1375 1794 1399 1824 ⁰
1425 1826 2873 1850 ...............
2878 1786 2895 1820 ¹

874 1886 973 1949 11.
1038 1883 1163 1948 His
1205 1884 1295 1948 ita
1334 1883 1554 1970 gestiS,
1595 1882 1942 1950 Rotbertus
1985 1884 2335 1950 Trecarum
2387 1889 2615 1972 prince
2663 1909 2708 1966 S,
2747 1880 2895 1946 Heri·

704 1969 868 2037 berti
923 1969 1157 2033 tiranni
1208 1966 1405 2050 filius,
1465 1967 1760 2052 Hugonis
1815 1990 1967 2034 vero
2023 1967 2304 2033 abdicati
2353 1970 2583 2053 frater,
2695 1965 2894 2033 othario

702 2053 885 2139 regid
926 2053 1227 2117 iniuriam
1268 2051 1390 2116 hac
1434 2059 1570 2116 arte
1601 2050 1854 2116 molitus
1897 2062 2012 2118 est.
2085 2051 2430 2118 Castrum⁸
2475 2055 2721 2140 regium
2757 2043 2894 2134 quod

703 2139 949 2202 Divion
994 2137 1244 2217 dicitur,
1300 2158 1484 2200 secus
1532 2133 1840 2200 Oscaram
1893 2146 2235 2201 torrentem
2281 2138 2616 2204 conditum
2631 2150 2682 2218 θ,
2735 2129 2896 2196 multa

708 2220 1055 2306 cupiditate
1100 2217 1371 2302 sitiebat,
1425 2241 1501 2284 eo
1561 2219 1733 2306 quod
1789 2243 1907 2306 per
1962 2242 2129 2303 eum,
2189 2221 2244 2284 si
2295 2222 2366 2285 id
2421 2221 2660 2288 habere
2701 2221 2892 2306 posset,

707 2305 1013 2390 optimam
1070 2301 1486 2388 Burgundiae
1551 2311 1798 2390 partem
1865 2302 1948 2367 ad
2011 2325 2199 2369 suum
2256 2305 2357 2369 ius
2414 2305 2686 2370 transire
2743 2316 2893 2386 posse

705 2386 1149 2455 arbitrabatur.
1235 2386 1422 2451 Illum
1466 2388 1682 2474 itaque
1727 2387 1840 2473 qui
1897 2398 2107 2452 castro
2164 2410 2422 2473 preesse
2480 2386 2802 2455 videbatur
2834 2377 2891 2444 de

704 2472 1059 2558 transfugio
1103 2469 1188 2534 ad
1231 2493 1371 2536 sese
1415 2473 1568 2556 ‘per
1608 2469 1853 2556 legatos
1889 2470 2012 2536 allo
2062 2472 2251 2554 uitur,
2295 2471 2578 2558 plurima
2619 2463 2892 2556 spondens

707 2567 772 2623 et
791 2557 1037 2621 maiora
1060 2555 1177 2620 sub
1199 2555 1610 2620 iureiurando
1632 2553 1960 2639 pollicens.
2088 2554 2222 2641 pud
2255 2579 2476 2641 regem
2502 2577 2628 2644 quo
2675 2575 2749 2617 ue
2769 2541 2892 2612 mul·

705 2650 839 2704 tam
894 2661 1108 2705 rerum
1163 2639 1447 2724 inopiam
1506 2659 1828 2720 asserem,
1895 2638 2071 2724 apud
2135 2661 2274 2703 sese
2338 2663 2495 2705 vero
2553 2663 2584 2704 s
2698 2636 2894 2699 cientes

710 2744 884 2809 opes,
930 2720 1171 2820 oppida
1211 2719 1515 2786 nonnulla
1556 2719 1808 2806 aliaque
1861 2720 2378 2789 desiderabilium
2434 2724 2710 2809 insignia
2745 2712 2894 2782 vehe-

709 2807 1099 2870 mentisslme
1143 2814 1520 2890 protestans.
1607 2805 1792 2869 Tunc
1834 2806 2083 2871 iuvenis
2111 2829 2323 2880 rerum
2355 2809 2661 2894 cupidine
2688 2807 2894 2886 captus,

706 2911 826 2978 pro
868 2887 1224 2972 transfugio
1266 2887 1627 2954 mercedem
1684 2891 1951 2975 quaerit.
2048 2889 2140 2954 At
2190 2889 2282 2954 illi
2337 2890 2653 2957 mercedis
2700 2897 2895 2950 nomen

706 2973 985 3040 edicunt.
1050 2969 1166 3036 Ille
1186 2993 1338 3036 vero
1369 2995 1453 3036 ex
1481 2973 1814 3058 promissis
1839 2973 2281 3038 iusiurandum
2309 2975 2593 3061 postulat
2620 2969 2894 3056 capitque·

705 3058 793 3122 Et
853 3065 1144 3141 tempore
1208 3076 1492 3145 congruo
1556 3057 1880 3121 tirannum
1945 3079 2092 3121 cum
2145 3056 2347 3123 multa
2408 3059 2682 3124 militum
2735 3063 2895 3114 manu
3000 3055 3003 3110 ἴ

705 3143 872 3206 intra
938 3139 1249 3226 oppidum
1309 3140 1571 3227 excipit,
1627 3162 1704 3204 ac
1761 3163 1899 3206 sese
1957 3141 2018 3205 ei
2072 3143 2507 3225 committens,
2565 3139 2750 3205 fidem
2799 3145 2893 3229 pr0
3001 3159 3003 3194 ÷

706 3224 935 3289 militia
990 3224 1480 3289 accommodat·
1552 3225 1832 3289 Pervaso
1892 3234 2106 3289 autem
2166 3225 2425 3312 oppid0,
2485 3225 2647 3312 regii
2700 3213 2895 3306 mihte?
3001 3213 3003 3294 ]

707 3305 1161 3374 contumeliose
1206 3305 1548 3395 pelluntur.
1632 3308 2045 3394 Deputantur
2085 3329 2238 3374 vero
2281 3309 2375 3374 ibi
2419 3310 2651 3376 milites
2679 3305 2893 3368 tiranm·
3001 3383 3003 3386 Α

877 3411 975 3476 12.
1040 3408 1328 3476 Perlata'
1379 3421 1528 3476 sunt
1567 3409 1728 3476 haec
1782 3409 1868 3474 ad
1920 3432 2157 3496 regem.
2256 3405 2401 3476 Rex
2451 3433 2606 3479 vero
2646 3391 2896 3474 Brunoni

704 3492 1022 3559 avunculo
1049 3492 1293 3580 legatos
1324 3494 1445 3558 diri
1494 3496 1562 3577 it,
1602 3493 1821 3594 copias
1851 3493 1934 3558 ab
1965 3515 2040 3558 eo
2082 3493 2430 3580 postulans,
2490 3496 2626 3561 Nec
2653 3489 2897 3555 moratur

705 3578 925 3642 Bruno
944 3590 973 3633 8
1026 3585 1089 3642 et
1132 3600 1278 3643 cum
1322 3577 1451 3644 duo
1500 3601 1576 3642 us
1626 3577 1882 3643 milibus
1947 3587 2338 3642 armatorum
2381 3586 2466 3644 e‘x
2508 3575 2761 3661 Belgica
2797 3575 2895 3660 tql‘·

705 3683 843 3726 ram
858 3662 888 3704 ¹¹
929 3662 1162 3727 tiranni
1206 3671 1481 3748 occupat
1535 3661 1889 3747 urbemque
1952 3661 2369 3726 Trecasinam
2428 3661 2747 3729 obsidione
2798 3664 2896 3712 011·-

822 3822 868 3875 ι)
896 3828 998 3874 pem
1028 3823 1132 3864 add.
1254 3822 1300 3875 b)
1335 3824 1800 3874 comprehenduntur
1831 3825 1874 3864 1.
1910 3821 1914 3826 ’
2009 3821 2052 3875 c)
2084 3824 2162 3872 hie,
2193 3825 2318 3875 eiquo
2347 3826 2578 3878 indicante,
2608 3820 2754 3870 alium
2779 3811 2896 3850 Μ

702 3884 916 3924 viduum.
1036 3880 1084 3934 d)
1117 3883 1245 3932 regio
1280 3885 1321 3922 1.
1441 3881 1485 3935 e)
1517 3884 1658 3924 situm
1692 3884 1731 3924 1.
1835 3881 1874 3935 r)
1905 3881 1954 3921 so
1984 3883 2075 3923 1000
2105 3894 2223 3923 raso.
2325 3883 2372 3937 g)
2404 3885 2460 3926 B.
2491 3897 2528 3926 ο.
2653 3876 2698 3928 ιι)
2730 3875 2775 3914 in
2801 3871 2832 3907 t·
2861 3863 2897 3900 ¹·

854 4013 911 4082 1)
950 4014 1161 4068 Similia
1196 4013 1356 4067 Flod.
1394 4030 1445 4067 a.
1485 4015 1614 4065 949.
1654 4013 1722 4066 de
1759 4013 2020 4067 Leuduno
2061 4020 2218 4081 capto
2256 4017 2436 4068 refert.
2593 4009 2650 4078 2)
2689 3999 2895 4086 flurium

702 4103 958 4140 annorum
997 4087 1220 4140 historia
1254 4089 1636 4156 praetermissa
1661 4093 1758 4151 est,
1795 4103 1954 4154 quam
1978 4088 2035 4138 in
2060 4087 2188 4139 folio
2220 4095 2404 4142 assuto
2429 4087 2722 4158 suppletam
2741 4076 2896 4126 fi¹¹⁶⁸⁰¹

700 4159 991 4212 verisimile
1030 4166 1127 4213 est.
1312 4161 1370 4225 8)
1410 4161 1660 4213 Divionis
1697 4162 2142 4228 expugnationem
2181 4161 2265 4214 bis
2302 4170 2483 4216 narrat
2519 4157 2669 4215 Flod.
2707 4167 2755 4203 ⁸·
2787 4137 2896 4195 959·

704 4238 759 4284 et
794 4233 921 4294 960,
958 4233 1063 4285 hoc
1100 4249 1241 4285 anno
1278 4234 1465 4286 urbem
1502 4233 1628 4286 dolo
1667 4239 1879 4301 captam
1916 4233 2169 4286 referens.
2843 4253 2852 4260 ·
