3059 4834
494 495 593 537 987.

373 755 484 795 1⁸1.
519 754 572 794 22
591 781 601 792 .

391 1327 496 1371 'fol-
528 1330 601 1373 48.

621 306 723 355 130
1085 302 1390 355 RIOHERI
1423 302 1923 355 HISTORIARUM
1958 302 2179 353 LIBER
2213 300 2348 352 1111.

619 471 880 557 sanguis
931 470 1000 535 in
1050 468 1465 535 emathoicam
1482 482 1500 516 ¹
1560 467 1956 533 redundavit.
2052 466 2172 532 Cui
2221 466 2482 551 sanguis
2526 466 2836 551 copiosus

618 578 733 643 per
772 574 956 619 nares
1017 564 1080 619 et
1245 574 1350 616 am
1391 551 1736 617 diffluebat.
1821 549 2137 616 Mamillae
2181 550 2504 615 doloribus
2547 548 2835 614 assiduis

666 637 1052 704 ulsabantur.
1193 658 1380 702 ervor
1419 637 1612 700 totius
1656 637 1939 722 corporis
1965 632 2374 700 intolerabilis
2414 655 2546 697 non
2588 632 2835 697 deerat.

686 723 808 787 nde
863 743 990 786 uno
1030 729 1275 787 tantum
1329 742 1494 785 anno
1538 720 1704 805 patri
1762 728 2098 868 stgwerstes,
2160 721 2257 783 11.
2300 716 2446 781 Kal.
2488 718 2632 781 Iun.
2676 715 2831 781 defi-

623 807 806 886 tiens,
856 814 1116 870 naturae
1173 804 1456 869 debitum
1509 802 1715 868 solvit.
1858 803 2002 867 uius
2054 803 2367 868 discessus
2422 822 2497 866 eo
2540 811 2831 885 tempore

623 889 867 970 accidit,
961 910 1045 953 uo
1103 896 1166 953 et
1221 885 1688 973 metropolitani
1741 886 2036 972 purgatio
2088 887 2167 951 de
2220 884 2488 950 obiectis
2529 881 2831 948 habenda

622 983 756 1039 erat
773 984 819 1037 ².
963 971 1144 1037 derat
1197 971 1392 1056 igitur
1429 970 1799 1056 purgandus
1842 979 1907 1034 et
1946 971 2159 1055 regiae
2188 970 2506 1034 maiestati
2546 966 2831 1033 satisfac-

619 1066 815 1122 turus.
903 1055 1031 1120 Sed
1070 1054 1231 1139 regii
1272 1054 1507 1119 fimeris
1552 1054 1906 1119 calamitate
1962 1054 2082 1118 hac
2134 1052 2243 1119 lite
2299 1074 2665 1139 suppressa,
2708 1073 2830 1117 nec

621 1140 1052 1209 controversia
1089 1147 1300 1224 partes
1341 1137 1581 1216 habuit,
1624 1159 1745 1203 nec
1784 1160 1867 1203 ex
1910 1160 1989 1202 ea
2028 1137 2322 1201 iuditium
2348 1134 2827 1222 promulgatum

622 1224 758 1289 fuit.
841 1222 1126 1288 Plurima
1151 1244 1303 1287 vero
1348 1222 1893 1287 commiseratione
1931 1221 2069 1307 ipse
2111 1222 2453 1307 episcopus
2496 1219 2577 1285 de
2623 1228 2831 1284 morte

621 1309 788 1393 regis
831 1316 1210 1393 conquestus
1249 1312 1362 1371 est.
1427 1306 1807 1392 *Postquam
1824 1317 1850 1348 ὃ
1871 1318 2085 1371 autem
2112 1305 2357 1390 regium
2392 1304 2582 1368 funus
2613 1324 2830 1367 curas·

625 1402 780 1474 sent,
822 1392 1182 1476 principum
1225 1390 1478 1455 decreto
1523 1389 1902 1476 Compendii
1942 1388 2289 1454 tumulatus
2338 1398 2451 1471 cst,
2497 1409 2647 1452 cum
2689 1388 2832 1473 ipse

622 1477 846 1539 vivens
903 1496 1086 1539 secus
1139 1483 1384 1558 patrem
1435 1472 1737 1538 tumulari
1787 1474 2055 1557 petierit.
2140 1472 2219 1537 Id
2271 1482 2483 1537 autem
2534 1470 2831 1535 consulto

623 1559 861 1624 factum
902 1568 1016 1639 est,
1057 1578 1156 1639 ne,
1199 1555 1352 1620 dum
1378 1557 1617 1621 itineris
1650 1555 2109 1641 longitudinem
2140 1578 2357 1621 eorum
2388 1577 2580 1641 quam
2656 1553 2833 1619 lures

623 1642 892 1705 vitarent
943 1649 1006 1705 et
1052 1660 1093 1702 a
1143 1661 1210 1703 se
1264 1639 1454 1703 divisi
1509 1639 1933 1722 discederent,
1985 1641 2079 1706 rei
2134 1638 2431 1727 publicae
2484 1663 2529 1704 u
2559 1640 2574 1653 ⁶
2628 1640 2834 1703 'mum

622 1724 976 1789 differretur
1031 1721 1403 1788 consultum.
1499 1722 1750 1789 Placuit
1802 1725 1825 1787 i
1934 1744 2015 1789 ue
2067 1734 2213 1789 ante
2268 1722 2624 1789 discessum
2682 1744 2834 1787 con·

621 1808 840 1872 venire
882 1816 949 1872 et.
985 1829 1068 1871 ex
1109 1808 1290 1891 regni
1332 1806 1681 1871 commodis
1725 1829 1877 1873 cons
1945 1830 2067 1874 ere.

797 1930 855 1993 6.
939 1928 1241 2012 Purgatio
1283 1925 1705 1993 Adalberonis
1748 1928 1827 1991 de
1871 1928 2134 1994 obiectis
2174 1951 2215 1993 a
2254 1928 2583 1993 Ludovico
2596 1930 2644 1991 b.

791 2026 1039 2110 Quibus
1082 2029 1423 2115 dispositis,
1478 2028 1613 2093 dux
1655 2031 1746 2093 sic
1788 2051 1966 2093 orsus
2009 2032 2251 2118 coepit:
2326 2030 2493 2094 ‘Huc
2543 2050 2628 2094 ex
2668 2027 2829 2092 locis

625 2113 891 2180 diversis
933 2136 1002 2177 re
1046 2112 1106 2177 io
1147 2115 1325 2177 iussu
1364 2116 1576 2179 vocati
1618 2113 1701 2177 ad
1745 2112 2211 2179 discutiendum
2255 2138 2331 2179 ea
2375 2136 2537 2201 quae
2574 2133 2825 2177 summo

622 2196 906 2285 pontifici
947 2196 1010 2259 A
1055 2194 1337 2261 alberoni
1379 2197 1627 2263 obiecta
1681 2207 1845 2279 sunt,
1902 2197 2099 2264 multa
2140 2198 2284 2281 fide,
2335 2207 2405 2261 ut
2445 2207 2623 2285 puto,
2680 2218 2829 2260 6011-

621 2281 901 2346 venistis.
987 2279 1114 2345 Sed
1157 2280 1340 2345 divae
1382 2282 1759 2346 memoriaec
1801 2302 1918 2345 rex
1949 2282 2060 2367 qui
2086 2281 2473 2364 intendebat,
2520 2280 2830 2381 quoniam

623 2364 742 2429 hac
782 2365 914 2430 vita
955 2365 1237 2450 privatus
1279 2375 1393 2447 est,
1452 2366 1912 2431 controversiae
1972 2376 2202 2431 statum
2252 2366 2439 2430 nobis
2483 2364 2827 2429 dlscutien-

623 2449 776 2514 dum
817 2447 1086 2533 reliquit.
1174 2448 1244 2513 Si
1287 2471 1435 2533 ergo
1477 2458 1690 2534 preter
1730 2470 1873 2514 eum
1917 2461 2012 2515 est
2054 2452 2163 2535 qui
2206 2450 2530 2515 intendere
2571 2448 2830 2531 audeat,

622 2554 826 2679 {agge
841 2637 876 2679 c
879 2534 1097 2679 33:130
1154 2530 1348 2679 vdilgt'
1411 2532 2168 2681 ussxsefflluepdaeffiliiltis
2229 2544 2476 2683 {artem
2538 2533 2828 2680 arriipgsst,

622 2698 924 2763 intendat.
1011 2662 1086 2763 Si'
1121 2638 1274 2763 vzra
1312 2638 1611 2785 ngxil'erat,
1636 2638 1819 2765 {incisa
1830 2639 2669 2789 verblorummgpuesszaifflels
2705 2636 2831 2764 11οἓ

623 2783 757 2847 61116
820 2781 1013 2846 dubio
1072 2781 1350 2848 habebit.
1446 2782 1639 2863 Quod
1690 2784 1745 2847 si
1799 2782 2214 2852 calumniator
2272 2725 2433 2850 fElsa
2495 2785 2827 2867 confinxit,

620 2886 846 2931 vocem
889 2866 1259 2949 supprimat,
1314 2888 1394 2931 ne
1436 2868 1595 2932 tanti
1634 2866 1929 2932 facinoris
1973 2880 2234 2956 argutus
2332 2891 2523 2936 oenas
2582 2867 2826 2933 solvat'.

623 2949 750 3013 Ter
789 2948 1204 3014 acclamatum
1245 2960 1356 3032 est,
1399 2958 1470 3013 ut
1506 2950 1747 3015 delator
1788 2953 2176 3037 procederet.
2318 2976 2387 3018 er
2413 2952 2496 3018 ab
2528 2952 2829 3017 omnibus

623 3042 923 3117 negatum
979 3042 1092 3097 est.
1177 3033 1294 3119 (7.)
1379 3034 1538 3098 Dux
1591 3036 1805 3122 itaque
1860 3037 2087 3102 iterum
2130 3036 2377 3103 locutus
2419 3038 2536 3101 ait:
2610 3016 2829 3101 ‘Silis

623 3117 750 3179 iam
793 3113 1044 3197 decidit,
1090 3115 1240 3201 quia
1279 3120 1388 3204 qui
1413 3119 1701 3185 intendat
1737 3141 1867 3185 non
1902 3130 2015 3203 est,
2058 3120 2559 3207 metropolitam,
2603 3128 2831 3207 utpote

624 3200 760 3263 viro
800 3197 997 3264 nobili
1040 3208 1103 3265 et
1142 3199 1340 3267 multa
1368 3204 1675 3289 sapientia
1701 3204 1936 3287 inclit0,
1982 3205 2334 3271 cedendum
2371 3214 2483 3270 est.
2568 3204 2673 3269 Ab
2704 3203 2833 3267 hac

625 3304 774 3370 ergo
791 3285 821 3327 ‘¹
882 3283 1230 3369 suspitione
1291 3291 1543 3373 penitus
1605 3288 1908 3357 discedite
1983 3311 2427 3374 summumque
2504 3286 2829 3387 presulem

625 3367 822 3432 multo
879 3368 1118 3433 honore
1169 3369 1455 3436 excolite.
1556 3371 1977 3437 Reveremini.
2010 3373 2179 3438 hunc
2229 3371 2417 3437 talem
2474 3394 2707 3454 v1rum,
2762 3380 2832 3435 et

625 3460 893 3615 Quantae
919 3453 1188 3536 virtutis,
1231 3454 1594 3541 sapientiae,
1634 3454 1979 3521 nobilitatis
2008 3459 2106 3539 sit,
2145 3458 2447 3522 hactenus
2475 3456 2829 3541 predicate.

685 3534 798 3599 u1d
837 3537 1004 3601 enim
1046 3537 1305 3623 prodest
1345 3560 1452 3603 sus
1500 3538 1758 3602 itionem
1772 3552 1797 3582 θ
1838 3538 2091 3623 habere,
2144 3543 2249 3607 cui
2306 3541 2374 3604 in
2426 3539 2653 3604 iuditio
2694 3558 2829 3603 non

623 3618 798 3683 fuere
835 3620 1002 3684 vires
1089 3621 1388 3706 uicquam
1479 3622 1657 3685 ‘cere’
1671 3622 1705 3685 ⁴?

789 3702 847 3767 8.
889 3703 1065 3791 Ergo
1133 3725 1377 3769 summo
1419 3704 1706 3805 pontifici
1733 3707 1868 3771 dux
1896 3706 2278 3795 reliquorum
2306 3708 2649 3793 primatum
2679 3726 2831 3771 con-

625 3796 852 3851 66116118
873 3786 1312 3874 exsequendae
1331 3790 1591 3854 rationis
1612 3788 1911 3856 honorem
1933 3790 2013 3856 de
2033 3786 2298 3856 utilitate
2317 3794 2499 3877 regni
2519 3789 2833 3873 attribuit,

742 3972 786 4027 6,)
816 3976 928 4019 Cum
971 3999 1022 4009 -
1065 3981 1278 4020 curarent
1320 3980 1357 4020 1.
1550 3979 1599 4033 b)
1632 3981 1689 4022 do
1720 3981 1832 4023 abso.
2026 3979 2079 4037 6)
2112 3982 2170 4025 D.
2202 3982 2263 4023 M.
2295 3994 2331 4023 ο.
2498 3980 2545 4033 d)
2571 3986 2686 4033 post.
2718 3980 2824 4023 add.

625 4032 670 4087 6)
701 4035 892 4077 itionem
921 4046 942 4075 6
969 4046 1082 4079 corr.
1229 4034 1266 4089 1)
1295 4038 1497 4087 Purgato
1527 4049 1569 4081 6.
1604 4042 1643 4082 1.
1790 4039 1837 4094 g)
1869 4052 1983 4083 611611
2012 4054 2034 4082 e
2063 4053 2177 4082 corr.

777 4187 830 4255 1)
866 4190 1268 4244 marathonam
1306 4194 1518 4248 Gnadet
1552 4200 1837 4264 proposuit.
1962 4196 2021 4265 2)
2060 4198 2215 4262 Quod
2252 4199 2359 4251 iam
2398 4198 2451 4251 d.
2481 4200 2569 4252 2⁷.
2642 4200 2827 4252 Martii

624 4262 823 4313 factum
863 4278 995 4327 6666,
1033 4265 1264 4330 epistola
1315 4266 1474 4319 docet
1509 4268 1770 4337 Gerberti,
1809 4271 1877 4324 cf.
1916 4272 2179 4325 Wilmans
2216 4288 2271 4339 p.
2315 4272 2417 4322 128
2456 4288 2509 4325 n.
