3059 4834
629 263 663 312 8
1152 258 1460 311 RIOHERI
1495 258 2001 310 HISTORIARUM
2036 258 2258 309 LIBER
2296 258 2338 306 Ι.
2390 229 2394 232 ²

439 517 443 521 .
508 446 611 489 892.
631 450 751 515 per
801 427 1080 492 hostium
1136 427 1306 491 acies
1361 425 1637 491 efferam.
1723 424 1859 489 Nec
1902 424 2220 489 fortunam
2277 421 2427 490 belli
2483 424 2858 512 ambiguam

400 949 417 968 ⁶
432 965 478 1004 p.
510 953 613 996 ΜΞ.

412 2101 519 2144 11111.
543 2103 615 2143 11.

418 2771 435 2789 ⁸
452 2774 535 2816 fol.
554 2774 615 2815 4¹.

634 535 717 578 ex
764 521 1013 594 avescO,
1072 532 1219 576 eum
1274 508 1469 575 semel
1519 531 1622 574 me
1665 508 2040 573 moriturum
2098 511 2448 608 cognosco'.
2535 507 2642 573 Ad
2697 508 2861 574 11555

636 597 693 664 Ο
745 617 781 661 o
844 617 993 660 rex:
1062 593 1349 677 ‘Nostro'‚
1410 595 1643 679 inquit,
1717 593 1902 657 ‘dono
1968 613 2044 658 55
2106 594 2471 680 prmcipum
2533 593 2860 658 voluntate

634 681 897 766 signifer
939 681 1107 744 esto'.
1192 676 1308 742 Ille
1351 679 1605 764 signum
1657 677 1986 762 excipiens
2001 686 2045 759 ἃ,
2103 678 2359 762 agmine
2415 676 2675 742 densato
2738 678 2862 742 cir-

636 772 1001 849 cumseptus
1074 761 1426 827 incedebat.
1532 763 1894 847 Factusque
1959 763 2144 825 cunei
2213 760 2500 826 militaris
2565 783 2859 842 acumen,

633 848 846 914 hostes
888 846 1325 912 vibrabundus
1382 844 1752 944 ingreditur.
1839 846 2025 910 Preci
2073 847 2308 910 itantur
2357 844 2614 912 barbari
2665 847 2858 911 vires-

636 955 759 1022 que
789 932 1087 996 amittunt
1098 941 1141 995 ⁸.
1213 930 1303 995 At
1343 952 1558 1016 reg1us
1589 929 1906 995 exercitus
1937 951 2006 994 re
2053 931 2208 1011 15115,
2252 931 2520 994 *iterum
2563 931 2864 1014 irrumpit

636 1017 1000 1102 sternitque.
1087 1014 1442 1100 Tercioque
1496 1014 1756 1079 adortus
1819 1013 1950 1078 fere
2017 1035 2232 1079 omnes
2298 1015 2618 1100 opprimit.
2705 1013 2811 1078 Ex
2826 1015 2857 1056 ¹³

636 1121 907 1186 quorum
947 1096 1222 1164 tumultu
1252 1119 1398 1162 cum
1442 1120 1553 1163 aer
1595 1097 1894 1162 densatus
1937 1095 2135 1162 multo
2180 1095 2442 1182 pulvere
2484 1099 2864 1183 pinguesce-

635 1194 760 1267 ret,
822 1182 1131 1249 Catillus*
1176 1205 1323 1247 cum
1386 1183 1612 1268 paucis
1676 1205 1793 1267 per
1858 1180 2194 1266 caliginem
2250 1181 2404 1267 fuga
2458 1205 2595 1248 sese
2669 1182 2860 1246 surri-

635 1269 777 1354 puit
816 1277 1004 1354 atque
1032 1269 1099 1330 in
1128 1266 1400 1343 dumetis
1431 1290 1569 1332 sese
1598 1264 1860 1332 abdidit.
1950 1266 2079 1346 Qui
2122 1286 2270 1330 cum
2311 1265 2550 1349 lateret,
2595 1288 2634 1330 a
2661 1267 2862 1330 victo-

634 1353 811 1418 ribus
850 1353 1091 1438 passim
1135 1349 1496 1437 palantibus
1547 1373 1615 1414 re
1665 1360 1836 1415 ertus
1879 1360 2068 1436 atque
2115 1359 2336 1436 captus
2391 1359 2504 1431 est,
2560 1350 2814 1436 suisque
2831 1363 2859 1392 0

680 1439 749 1502 ui
790 1458 1005 1501 55511111
1023 1437 1050 1478 ‘¹
1093 1434 1450 1500 latuerantd
1494 1434 1602 1520 gla
1650 1436 1708 1498 'o
1753 1434 2092 1516 transfixi&
2152 1443 2299 1519 post
2353 1433 2558 1519 spolia
2611 1432 2866 1519 direpta

702 1520 853 1585 do'ni
894 1521 1030 1606 regi
1074 1519 1321 1584 oblatus
1365 1527 1476 1583 est.

1012 1641 1109 1706 10.
1198 1639 1505 1703 Tiranni⁶
1549 1637 1906 1723 baptismus
1949 1647 2052 1702 ete
2095 1639 2446 1702 interfectio
2466 1651 2510 1703 θ.

804 1741 1060 1808 Utiliter
1103 1764 1252 1828 ergo
1296 1750 1549 1827 patrata
1601 1742 1885 1822 victoria,
1943 1761 2060 1804 rex
2103 1741 2422 1804 tirannum
2467 1751 2724 1826 captum
2768 1763 2864 1805 se·

641 1849 787 1890 511111
831 1826 1207 1892 Lemovicas
1251 1825 1441 1890 ducit.
1528 1823 1757 1910 Ibique
1801 1826 1861 1888 ei
1901 1825 2070 1888 vitae
2129 1844 2205 1888 55
2261 1827 2479 1888 11101115
2538 1827 2864 1910 optionem

642 1911 845 1993 dedit3
891 1912 944 1974 si
973 1909 1420 1996 baptizaret-ur,
1464 1911 1681 1991 vitam,
1729 1910 1826 1972 sin
1868 1909 2096 1990 minus,
2149 1917 2420 1972 mortem
2463 1911 2856 1994 promittens.

638 1995 957 2060 Tirannu's
1016 2017 1171 2059 mox
1228 1992 1471 2094 absque
1533 1992 2028 2058 contradictione
2088 1991 2400 2077 baptizari
2455 1995 2631 2078 petit.
2731 1993 2864 2060 Sed

640 2078 926 2162 dubium,
972 2101 1056 2144 an
1083 2078 1234 2143 fidei
1273 2098 1616 2164 qumquam
1657 2076 1967 2141 habuerit.
2056 2077 2225 2157 Quia
2269 2098 2420 2162 ergo
2463 2087 2866 2162 pentecostes

636 2163 917 2228 instabat
961 2162 1395 2248 sollempnitas
1415 2174 1434 2208 ¹
1472 2183 1550 2225 ac
1578 2163 2024 2246 episcoporum
2055 2169 2402 2225 conventus
2444 2163 2583 2246 regi
2625 2163 2866 2244 aderat,

638 2247 722 2312 ab
767 2249 1087 2333 episcopis
1132 2249 1190 2311 ei
1232 2245 1599 2310 triduanum
1641 2245 1940 2309 indicitur
1982 2245 2306 2309 ieiunium.
2379 2243 2505 2309 Die
2535 2268 2686 2312 vero
2717 2269 2862 2310 con-

638 2333 858 2396 stituta
901 2353 1046 2395 cum
1089 2333 1157 2394 in
1199 2329 1463 2395 basilica
1494 2331 1694 2393 sancti
1722 2328 2044 2394 Marcialis
2074 2330 2350 2393 martiris
2369 2329 2392 2370 f
2432 2340 2579 2414 post
2621 2333 2865 2417 episco-

636 2435 866 2502 porum
911 2425 1169 2501 peracta
1212 2415 1424 2479 officia
1481 2416 1550 2478 in
1593 2434 1843 2477 sacrum
1899 2414 2139 2478 fontem
2191 2412 2273 2477 ab
2318 2414 2458 2498 ipso
2501 2437 2651 2502 rege
2695 2417 2862 2478 exci-

658 2498 907 2563 'iendus
972 2499 1385 2563 descenderet
1461 2500 1718 2584 iamque
1789 2498 1954 2561 trina
2029 2499 2409 2562 inmersione
2473 2500 2540 2560 in
2601 2501 2864 2563 nomine

690 2585 841 2648 atris
887 2592 951 2647 et
991 2583 1141 2646 F1lii
1184 2592 1247 2648 et
1292 2581 1568 2667 Spiritus
1614 2582 1814 2645 sancti
1856 2579 2215 2666 baptizatus
2260 2591 2441 2664 esset,
2500 2582 2660 2668 Ingo
2715 2593 2863 2648 ante

638 2668 917 2753 signifer,
960 2664 1177 2751 gladio
1222 2665 1469 2747 educto,
1529 2664 1842 2728 loetaliter
1897 2686 2041 2728 eum
2099 2664 2568 2730 transverberat
2610 2688 2687 2730 ac
2727 2668 2862 2732 fon·

633 2760 765 2816 tem
808 2759 1127 2815 sacratum
1167 2749 1446 2815 vulneris
1490 2748 1795 2812 effusione
1838 2749 2199 2813 immaniter
2243 2757 2526 2814 cruentat
2544 2761 2589 2814 Β.
2679 2754 2702 2779 *
2717 2750 2868 2815 Rex

634 2843 881 2900 tantum
908 2834 1151 2898 facinus
1180 2833 1542 2920 indignans,
1633 2831 1984 2916 rineipibus
2011 2832 2442 2916 frementibus,
2472 2833 2861 2896 homicidam

634 2921 779 3004 rapi
822 2941 898 2983 ac
937 2917 1241 2983 trucidari
1284 2917 1478 2982 iubet.
1647 2940 1700 3000 e,
1743 2915 1957 3002 gladio
2000 2919 2302 3003 proiecto,
2345 2919 2612 3004 fugienS,
2658 2919 2860 2982 saneti

636 3002 958 3068 Maroialis
1001 3025 1178 3067 aram
1222 3002 1596 3087 complexus
1641 3010 1768 3084 est3
1812 3000 2272 3088 indulgentiam
2309 3001 2391 3067 ab
2421 3024 2488 3067 15
2537 3025 2572 3066 5
2615 3023 2691 3066 55
2779 3003 2862 3066 11-

636 3087 915 3152 matibus
1007 3085 1285 3156 0511115115
1330 3097 1520 3172 atque
1579 3085 1880 3172 loquendi
1939 3084 2149 3150 locum
2206 3083 2420 3150 multis
2480 3108 2514 3149 c
2538 3087 2739 3151 amori
2785 3108 2866 3151 us-

635 3180 877 3257 petens.
1025 3181 1051 3235 t
1091 3171 1270 3234 iussu
1324 3171 1502 3254 regio
1565 3169 1644 3234 de
1704 3171 2043 3235 commisso
2102 3170 2378 3234 facinore
2443 3191 2866 3255 responsurus

639 3256 895 3321 sistitur.
986 3258 1313 3340 Orsusque
1358 3256 1450 3318 sic
1492 3255 1659 3318 aith:

640 3385 737 3450 11.
800 3385 1021 3452 Oratio
1056 3386 1317 3472 Ing-onis
1361 3406 1477 3471 pro
1524 3406 1590 3448 se
1631 3382 1810 3532 ialpssflc
1849 3405 2066 3469 regem
2109 3393 2172 3448 et
2215 3383 2537 3468 principes
2580 3385 2865 3449 suasorie

1677 3490 1716 3532 a
1762 3491 1785 3530 1
1812 3489 1868 3532 a.
1937 3499 1947 3510 ·

806 3561 1037 3636 ‘Deum
1079 3572 1421 3637 voluntatis
1450 3593 1631 3635 meae
1663 3570 1985 3635 conscium
2013 3578 2225 3652 testor,
2265 3567 2422 3633 nihil
2465 3569 2622 3634 mihi
2664 3569 2866 3634 fuisse

638 3654 845 3718 carius
887 3665 1099 3720 vestra
1142 3655 1359 3721 salute.
1446 3655 1678 3720 Vester
1719 3676 1898 3719 amor
1941 3652 2024 3718 ad
2068 3653 2188 3718 hoc
2232 3676 2335 3718 me
2391 3654 2665 3739 impulit.
2754 3653 2863 3719 Ob

780 3797 828 3868 ²⁸)
865 3816 959 3853 rex
983 3801 1323 3852 barbarorum
1354 3801 1403 3852 1.

753 3925 797 3980 a)
832 3939 853 3968 e
880 3939 995 3970 corr.
1084 3926 1131 3980 b)
1160 3929 1214 3971 Ε.
1247 3941 1291 3979 q.
1323 3940 1343 3968 e
1373 3939 1488 3971 corr.
1591 3925 1634 3980 5)
1667 3929 1852 3978 suisque
1883 3927 2049 3978 gladiis
2078 3925 2310 3967 transfixis
2343 3930 2388 3967 et
2421 3924 2478 3978 (ἲ)
2520 3927 2682 3977 spoliis
2713 3927 2869 3978 direp-

634 3989 691 4027 tis
725 3990 767 4028 1.
889 3985 935 4040 d)
968 3999 1027 4038 m,
1060 3988 1120 4040 la,
1152 3991 1169 4028 t
1200 3987 1312 4030 abac.
1434 3986 1478 4039 e)
1512 3988 1544 4040 i,
1577 3992 1634 4035 et,
1669 3999 1695 4028 ο
1727 3988 1838 4027 abac.
1958 3983 1994 4037 f)
2027 3986 2074 4024 in
2105 3986 2194 4025 loco
2227 3996 2362 4025 vacuo
2394 3986 2539 4025 relicto
2572 3987 2611 4030 2,
2731 3986 2778 4038 g)
2813 3991 2868 4027 at

635 4057 657 4085 e
685 4057 797 4087 corr.
918 4044 968 4099 h)
1002 4048 1153 4097 coepit
1184 4050 1225 4088 1.

782 4162 834 4225 1)
867 4161 1091 4214 Nonnisi
1129 4167 1378 4213 autumno
1418 4176 1467 4214 a.
1498 4159 1625 4212 892.
1667 4158 1908 4211 Odonem
1934 4159 1991 4208 in
2016 4159 2356 4224 Aquitaniam
2396 4160 2710 4225 perrexisse,
2750 4163 2865 4209 tra—

635 4233 767 4286 dunt
802 4235 939 4287 Ann.
975 4235 1195 4287 Vedast.
1232 4234 1270 4285 1.
1309 4235 1346 4284 l.
