3059 4834
485 430 585 475 988.

342 1008 361 1027 ⁸
382 1013 464 1057 fol.
500 1014 585 1054 16¹.

598 251 671 300 44
1109 249 1415 300 RICHERI
1452 247 1955 301 HISTORIARUM
1991 247 2214 298 LIBER
2251 246 2329 296 ΙΙ.

604 415 825 480 Serlus
858 416 1114 501 quidam
1152 414 1484 480 latrocinia
1512 436 1840 497 exercens,
1883 412 2013 478 illic
2041 414 2330 499 receptui
2360 433 2500 476 sese
2527 410 2833 476 habebat.

606 498 853 565 Cohors
918 521 1070 584 ergo
1135 498 1444 586 oppidum
1508 510 1837 587 appetens,
1907 497 2182 563 latrones
2243 497 2596 582 impugnat.
2687 495 2832 562 Nec

603 593 851 649 morata
892 585 959 648 vi
1002 585 1193 668 capit,
1237 581 1554 648 comburit
1610 605 1688 648 ac
1732 580 1998 646 subruit.
2083 581 2425 646 Latronem
2468 580 2836 666 principem

606 667 1154 753 comprehensum,
1201 666 1480 732 dimissis
1542 666 1916 747 minoribus,
1961 666 2099 751 regi
2142 664 2418 730 deducit.
2503 663 2634 743 Qui
2677 686 2833 728 cum

604 755 785 816 iussu
840 751 1019 836 regio
1073 750 1447 836 gladiatoria
1504 750 1912 816 decollandus
1971 749 2346 830 traderetur,
2398 746 2651 812 Artoldi
2705 748 2831 813 Re-

604 857 855 901 morum
908 835 1381 921 metropolitani
1436 836 1796 900 interventu
1855 834 2125 920 gratiam
2183 834 2266 898 ab
2323 854 2474 918 rege
2535 832 2829 914 obtinuit,

604 942 680 984 ac
722 942 861 985 sese
902 918 1163 984 ulterius
1204 939 1335 984 non
1374 918 1894 983 latrocinaturum
1935 919 2196 997 iuratus,
2260 916 2436 980 abire
2479 918 2833 1002 permissus

605 1014 720 1069 est.
807 1003 971 1067 *His
1008 1004 1101 1066 ita
1189 1003 1361 1088 estis,
1426 1026 1544 1068 rex
1586 1005 1654 1067 in
1694 1013 1907 1089 partes
1949 1000 2247 1086 Belgicae
2290 1000 2451 1065 mari
2495 1001 2832 1098 contiguas

604 1088 936 1169 concessit,
995 1026 1306 1172 oppiffium
1362 1087 1429 1150 in
1483 1089 1626 1173 ipso
1685 1088 1920 1150 marisb
2034 1095 2176 1150 ortu
2239 1095 2565 1149 exstruere
2629 1106 2830 1148 msuS.

608 1171 731 1238 Cui
775 1173 967 1237 etiam
1010 1170 1153 1235 loco
1200 1169 1403 1236 Guiso
1448 1181 1544 1236 est
1585 1183 1874 1236 nomen¹.
1998 1179 2394 1255 xceptusque
2437 1169 2518 1233 ab
2559 1166 2830 1232 Arnulfo

604 1257 884 1340 regionis
929 1253 1094 1319 illius
1136 1255 1445 1342 principe,
1504 1254 1681 1342 apud
1739 1277 1885 1319 eum
1929 1253 2010 1318 de
2056 1251 2279 1339 oppidi
2322 1252 2639 1316 erectione
2681 1274 2832 1338 age-

605 1340 734 1406 bat.
820 1339 952 1405 Ubi
995 1339 1149 1402 dum
1192 1341 1261 1402 in
1300 1339 1554 1424 agendo
1595 1361 1806 1405 moras
1861 1338 2118 1419 faceret,
2179 1347 2457 1401 castrum
2497 1336 2833 1401 Remensis

601 1422 947 1490 aecclesiae
968 1424 1224 1489 nomine
1248 1422 1625 1489 Causostem
1645 1435 1669 1469 ²
1701 1445 1884 1487 secus
1905 1421 2173 1486 fluvium
2193 1421 2552 1486 Matronam
2576 1421 2769 1484 situm
2783 1433 2832 1501 0,

604 1507 686 1572 ab
718 1507 987 1573 Artoldo
1077 1506 1285 1571 resule
1330 1508 1594 1590 editum,
1649 1506 2026 1571 Heribertus
2066 1504 2424 1592 proditione
2470 1503 2832 1589 ingreditur

605 1613 681 1655 ac
726 1593 916 1677 capit.
1060 1600 1372 1656 astrenses
1419 1614 1499 1654 ue
1543 1590 1873 1671 invadenS,
1937 1611 2154 1654 eorum
2258 1589 2487 1653 otiores
2545 1587 2826 1653 abducit.

603 1675 780 1738 Rura
824 1675 1321 1760 circumquaque
1424 1673 1805 1760 epopulatur
1860 1695 1936 1736 ac
1979 1674 2222 1759 ingenti
2271 1695 2345 1736 us
2432 1672 2602 1736 redis
2648 1671 2830 1770 oppi-

607 1759 790 1906 dumd
803 1756 1026 1844 implet
1069 1769 1133 1823 et
1176 1781 1323 1822 cum
1366 1761 1561 1823 armis
1605 1758 1838 1822 milites
1880 1755 1972 1821 ibi
2016 1757 2298 1844 deponit,
2407 1758 2643 1821 ‘orsum
2685 1778 2830 1841 1pse

603 1865 746 1908 sece
795 1864 926 1907 ens.

1170 1965 1228 2029 9.
1294 1963 1437 2028 Rex
1478 1961 1778 2026 Lauduni
1819 1984 2030 2028 arcem
2075 1962 2266 2047 capit.

770 2065 1026 2130 Interea
1078 2065 1217 2150 regi
1274 2065 1356 2130 ab
1414 2064 1904 2151 metropolitano
1957 2087 2074 2150 per
2126 2063 2371 2148 legatos
2424 2065 2548 2128 ista
2604 2085 2833 2148 sugge-

602 2161 846 2215 runtur.
922 2147 1052 2230 Qui
1094 2171 1250 2214 mox
1294 2160 1592 2250 coeptum
1633 2172 1714 2212 ne
1764 2151 1962 2215 otium
2003 2149 2441 2230 intermittens,
2487 2169 2602 2210 suo
2647 2149 2834 2210 auxi-

601 2234 869 2299 liaturus
911 2233 1285 2318 regreditur.
1342 2233 1577 2298 M1lites
1621 2233 1720 2297 col
1750 2235 1861 2320 ‘git
1889 2255 1965 2298 ac
1997 2233 2348 2298 exercitum
2389 2239 2591 2316 parat.
2659 2230 2832 2296 Cum

606 2339 731 2404 quo
800 2317 1185 2382 Laudunum
1256 2319 1540 2399 veniens,
1609 2339 1824 2382 arcem
1895 2317 1977 2382 ab
2049 2315 2391 2381 Heriberto
2461 2336 2665 2401 nuper
2735 2316 2832 2380 ibi

606 2411 995 2467 exstructam
1056 2413 1120 2467 et
1172 2425 1210 2466 a
1252 2404 1382 2466 suis
1440 2402 1651 2466 adhuc
1707 2402 2027 2467 detentam
2081 2398 2346 2464 obsidet.
2447 2399 2537 2464 At
2595 2400 2707 2484 qui
2758 2400 2832 2462 in

604 2508 751 2551 arce
816 2495 995 2550 erant
1055 2485 1386 2551 rebellioni
1449 2509 1589 2551 sese
1697 2495 1895 2550 arant.
1998 2486 2142 2549 Rex
2202 2504 2353 2568 ergo
2412 2483 2833 2548 circumcirca

605 2571 965 2654 sagittarios
1022 2569 1352 2654 adhibenS,
1410 2568 1636 2634 missili
1685 2591 1761 2633 us
1819 2570 2113 2634 evincere
2167 2568 2464 2632 instabat.
2561 2567 2640 2630 In
2697 2589 2830 2652 quo

604 2652 879 2718 tumultu
936 2654 1085 2716 hinc
1149 2653 1298 2717 inde
1364 2675 1557 2738 quam
1621 2652 1835 2737 plures
1899 2653 2166 2716 sauciati
2228 2652 2424 2734 fuere,
2489 2672 2634 2715 cum
2695 2672 2832 2715 non

605 2737 815 2800 minus
863 2736 971 2823 qui
1012 2737 1080 2800 in
1120 2757 1266 2800 arce
1311 2746 1490 2801 erant
1533 2738 1781 2821 sagittis
1810 2735 2078 2822 aliisque
2108 2735 2450 2801 missilibus
2479 2745 2832 2801 uterentur.

604 2819 749 2884 Rex
792 2842 944 2906 ergo
988 2841 1135 2884 cum
1176 2820 1367 2886 finem
1426 2820 1841 2920 oppugnandi
1900 2818 2144 2884 viribus
2163 2820 2192 2861 ‘¹
2247 2841 2377 2884 non
2417 2820 2690 2901 fecisset,
2734 2820 2833 2882 in-

605 2905 866 2989 geniose
911 2925 1020 2968 eos
1063 2925 1291 2989 capere
1335 2904 1677 2989 cog1tabat.

1266 3025 1362 3088 10.
1404 3023 1740 3088 Machinae
1785 3024 2180 3109 compositio,

771 3125 953 3190 Fecit
993 3125 1209 3211 itaque
1252 3149 1335 3191 ex
1363 3125 1934 3192 vehementissimis
1977 3127 2165 3212 lignis
2208 3126 2558 3212 compactis
2589 3124 2830 3188 machi-

605 3230 754 3273 nam
797 3211 999 3275 instar
1039 3208 1449 3295 longilaterae
1495 3210 1740 3291 domm,
1791 3211 2129 3276 duodecim
2172 3211 2454 3274 virorum
2500 3231 2832 3296 capacem,

603 3293 864 3358 humani
908 3295 1190 3379 corporis
1234 3305 1512 3360 staturae
1555 3296 1623 3359 in
1651 3292 1779 3360 alto
1807 3293 2158 3381 aequalem.
2213 3294 2410 3360 Cuius
2439 3294 2714 3380 parietes
2745 3290 2829 3356 de

602 3378 847 3462 ingenti
888 3378 1209 3464 lignorum
1257 3378 1508 3462 robore,
1570 3390 1809 3446 tectum
1851 3401 2002 3443 vero
2061 3378 2142 3444 de
2184 3378 2360 3443 duris
2403 3399 2479 3442 ac
2521 3378 2780 3442 intextis
2799 3389 2828 3419 θ

606 3462 884 3527 cratibus
928 3462 1265 3528 exstruxit.
1355 3463 1477 3529 Oui
1536 3463 1726 3528 etiam
1769 3464 2148 3528 intrinsecus
2189 3475 2362 3527 rotas
2406 3471 2678 3548 quatuor
2719 3459 2828 3524 ad-

602 3545 829 3629 hibuit,
888 3547 1059 3612 unde
1109 3547 1405 3612 machina
1456 3546 1563 3612 ab·
1595 3547 1674 3610 iis
1731 3548 1840 3634 qui
1880 3548 2258 3612 intrinsecus
2313 3545 2580 3611 laterent
2620 3566 2828 3630 usque

603 3629 687 3694 ad
729 3651 939 3695 arcem
984 3629 1430 3717 impelleretur.
1516 3631 1606 3697 At
1653 3640 1893 3696 tectum
1950 3653 2080 3697 non
2130 3652 2333 3717 aeque
2377 3637 2642 3694 stratum
2684 3629 2828 3709 fuit,

602 3734 826 3778 verum
892 3713 975 3778 ab
1039 3717 1335 3780 acumine
1399 3715 1630 3781 dextra
1691 3714 1962 3801 levaque
2025 3712 2446 3801 dependebat,
2510 3724 2582 3778 ut
2642 3713 2828 3777 iactis

602 3795 929 3882 lapidibus
971 3797 1218 3862 facilius
1261 3799 1514 3886 lapsum
1556 3799 1869 3885 preberet.
1972 3798 2154 3879 Quae
2209 3807 2553 3878 exstructa,
2609 3796 2826 3860 tironi-

602 3879 725 3946 bus
768 3904 925 3947 mox
965 3882 1227 3968 impleta
1268 3892 1369 3948 est
1409 3905 1487 3948 ac
1529 3881 1615 3947 ad
1658 3903 1872 3948 arcem
1922 3885 2076 3948 rotis
2133 3880 2477 3947 mobilibus
2529 3878 2824 3967 impulsa.
3040 3827 3045 3976 l

3042 3977 3045 4004 1

3042 4009 3045 4036 ⁴

3040 4227 3045 4258 l

722 4043 768 4098 a)
800 4047 891 4086 tori
920 4047 1008 4086 iam
1038 4046 1119 4098 lem·
1154 4049 1318 4098 nequit.
1450 4045 1498 4098 b)
1530 4048 1672 4087 maris
1705 4048 1842 4088 situm
1875 4043 2034 4098 li(t0re
2045 4045 2084 4098 ⁴?)
2120 4047 2160 4089 1.
2283 4044 2325 4099 c)
2359 4045 2437 4087 del.
2463 4045 2549 4086 sed.
2567 4045 2822 4084 restitutum.

603 4101 652 4154 d)
676 4109 779 4154 post
809 4105 909 4148 add.
1032 4105 1076 4158 e)
1108 4108 1292 4147 intectis
1324 4117 1437 4147 corr.
1468 4107 1673 4146 intextis.
2795 4105 2883 4176 '⁸2‘

753 4225 809 4295 1)
834 4229 1001 4281 Visan
1026 4231 1141 4281 sive
1165 4229 1354 4280 Vitsau
1382 4227 1449 4278 ab
1477 4227 1758 4279 occidente
1788 4227 1962 4279 Caleti
1988 4225 2241 4296 (Calais).
2333 4168 2391 4294 25
2417 4227 2499 4278 La
2515 4223 2784 4278 chaussee
2800 4229 2831 4277 ⁴?

2853 4480 2905 4804 ,³
3020 4455 3046 4666 l
