3059 4834
655 248 963 300 RICHERI
1001 249 1507 301 HISTORIARUM
1547 247 1770 299 LIBER
1809 248 1944 298 1111.
2354 249 2455 299 159

200 425 413 501 ‘atque
456 415 539 478 ab
582 415 855 479 ecclesia
898 414 1183 480 fidelium
1236 415 1588 499 suspendit,
1646 415 2055 479 Remensium
2100 415 2458 513 predonum
2475 430 2575 470 ⁹91-

227 509 535 580 auctoreS,
578 498 868 582 factoreS,
915 507 1377 584 cooperatore8‚
1410 498 1689 562 fautores
1719 508 1781 562 et
1812 521 1852 562 a
1879 519 1994 583 pro
2045 499 2154 562 riis
2186 498 2459 563 dominis
2475 490 2576 530 ¹¹¹⁰·
2609 489 2682 532 ¹⁷·

227 605 437 647 rerum
481 581 597 647 sub
644 584 981 668 emptionis
1025 584 1282 646 nomine
1326 581 1804 647 abalienatores,
1896 582 1940 646 S
2042 593 2069 623 ⁸
2114 603 2258 646 cum
2301 584 2459 648 tanti

226 667 373 730 mali
425 667 771 752 episcopus
828 675 1053 730 auctor
1108 668 1359 750 existat,
1422 665 1823 730 anathemate
1881 664 2205 730 involutus
2262 668 2458 732 mani-

224 750 560 848 festi-ssime
603 760 797 896 paltet.
865 751 1053 831 Quod
1100 751 1293 815 etiam
1338 749 1423 812 ad
1466 751 1602 813 eius
1648 750 2287 836 condempnationem
2331 774 2458 815 non

223 855 557 897 m1n1mum
600 855 681 898 va
704 845 800 898 et.

432 975 533 1038 64.
618 971 1027 1057 Indignatiob
1073 971 1361 1036 Gualteri
1405 973 1736 1058 episcopi⁰
1778 973 1842 1034 in
1887 970 2246 1036 Arnulfum.

390 1091 731 1158 Gualterus
772 1090 1376 1178 Augustudunensis
1432 1093 1772 1178 episcopus
1832 1091 2033 1156 dixit:
2100 1092 2225 1155 ‘An
2268 1090 2459 1158 male·
2475 1107 2611 1151 derb.
2638 1119 2676 1149 e.
2697 1110 2771 1151 ιε.

224 1197 416 1241 sanae
460 1177 689 1241 mentis
733 1175 837 1238 hic
892 1176 1235 1261 episcopus
1289 1197 1419 1239 non
1464 1186 1578 1258 est,
1638 1177 1749 1274 qui
1791 1198 1908 1261 pro
1953 1199 2021 1240 se
2065 1174 2462 1240 defensiones

222 1261 459 1342 nititur,
516 1283 665 1324 cum
708 1258 968 1343 regibus
1022 1269 1083 1322 et
1135 1268 1230 1323 tot
1283 1259 1576 1345 patribus
1633 1281 1767 1324 elus
1824 1260 2126 1345 iniquitas
2181 1258 2458 1324 dilucide

221 1354 435 1432 pateat
477 1353 539 1408 et
580 1345 842 1429 insuper
882 1341 1220 1427 presbiteri
1264 1341 1577 1407 malorum
1625 1345 1864 1407 conscii
1908 1345 2266 1408 testimonio
2311 1365 2457 1408 con-

221 1429 515 1493 vincatur
533 1427 566 1490 ‘?
672 1426 780 1490 An
843 1427 982 1512 ipse
1046 1425 1198 1490 mali
1260 1428 1558 1491 inventor
1620 1426 1975 1511 periculum
2040 1426 2458 1493 anathematis

223 1512 493 1578 evadere
536 1513 764 1598 potuit,
826 1531 971 1573 cum
1029 1511 1166 1595 ipse
1211 1509 1362 1574 mali
1404 1512 1699 1575 inventor
1742 1521 1804 1575 et
1845 1511 2055 1576 fautor
2094 1513 2458 1576 inventores

223 1606 286 1660 et
324 1597 645 1660 factores‘l
686 1595 1097 1679 fautoresque
1140 1593 1610 1659 maledictionis
1654 1593 1779 1659 telo
1823 1595 2147 1694 perfodit?
2215 1594 2320 1659 An
2363 1597 2457 1681 ip-

222 1702 358 1745 sam
421 1680 840 1745 Divinitatem
905 1677 1023 1742 hec
1086 1677 1481 1763 perpendere
1500 1692 1523 1722 θ
1569 1701 1698 1742 non
1745 1679 2210 1760 ammadvertit,
2275 1701 2423 1742 cum
2441 1679 2462 1721 f

222 1764 531 1848 scriptum
575 1765 673 1843 sit,
721 1762 894 1848 quod
939 1760 1104 1825 oculi
1145 1762 1411 1825 Domini
1455 1764 1521 1825 in
1566 1763 1740 1825 omni
1768 1761 1906 1826 loco
1951 1761 2458 1861 contemplantur

218 1850 424 1911 'bonos
468 1856 531 1912 et
571 1845 815 1910 malos?
900 1845 988 1909 Et
1030 1855 1199 1909 certe
1244 1844 1548 1927 arbitror,
1608 1846 1762 1931 quia
1821 1845 1988 1909 dixit
2040 1847 2348 1932 insiplens
2391 1847 2609 1908 inProv.
2646 1863 2778 1915 15‚s.

223 1929 417 1995 corde
462 1953 607 1994 suo:
652 1929 797 1993 Non
840 1939 937 1994 est
962 1929 1165 1992 Deus·
1232 1926 1740 1994 Animadvertite
1785 1950 1938 2013 ergo
1981 1939 2216 2014 patreS,
2263 1951 2455 2015 quam
2475 1959 2550 2000 rs.
2585 1958 2656 2010 52,
2692 1961 2730 1999 1.

219 2015 501 2160 corruptfi
544 2023 691 2078 sunt
732 2022 796 2078 et
837 2011 1298 2077 abominabiles
1318 2025 1347 2067 g
1388 2013 1542 2077 facti
1585 2021 1734 2076 sunt
1774 2014 1843 2075 in
1885 2013 2110 2077 studiis
2156 2013 2287 2076 suis
2331 2013 2456 2076 fac-

218 2107 319 2162 tor
362 2109 424 2163 et
489 2100 707 2162 autor'.

218 2236 321 2300 65.
425 2234 673 2299 Odonis
732 2235 1018 2319 episcopi
1072 2234 1463 2298 admonitioh
1518 2232 1599 2297 de
1651 2231 1921 2297 iuditio¹¹
1982 2232 2392 2298 accelerando
2410 2236 2457 2298 ¹¹.

392 2352 537 2417 Odo
569 2350 1059 2417 Silvanectensis
1105 2355 1443 2440 episcopus
1475 2355 1640 2419 dixit
1661 2367 1715 2418 ¹:
1762 2354 2104 2435 ‘Quoniam
2133 2352 2458 2438 religionis
2479 2373 2534 2413 cf.
2568 2384 2604 2415 c.
2637 2374 2707 2416 12.

222 2456 419 2498 causa
482 2445 546 2498 et
606 2436 786 2498 iussu
850 2437 1398 2501 serenissimorum
1462 2461 1691 2524 regum
1747 2437 1852 2502 hic
1913 2436 2161 2502 collecti
2217 2459 2456 2521 sumus,

221 2540 354 2582 non
396 2525 491 2582 est
534 2517 954 2582 differendum
995 2518 1272 2583 habendi
1314 2521 1522 2584 iuditii
1565 2543 1854 2586 examen.
1939 2521 2018 2586 Id
2061 2521 2230 2584 enim
2272 2543 2457 2606 reges

270 2600 666 2666 restolantur.
756 2600 979 2668 Clerus
1023 2611 1086 2665 et
1126 2601 1309 2688 plebs
1366 2605 1540 2668 idem
1599 2627 1681 2668 ex
1729 2615 1957 2670 ectant.
2045 2603 2179 2668 Nec
2239 2615 2337 2669 est
2394 2607 2459 2668 in

218 2625 671 2750 diversissimis
736 2687 1190 2751 sententiarum
1248 2686 1600 2752 rationibus
1707 2689 1902 2753 iutius
1968 2688 2456 2772 immorandum,

222 2791 371 2833 cum
419 2791 519 2833 res
552 2770 637 2834 sit
666 2769 928 2835 evidens
973 2779 1035 2834 et
1064 2770 1274 2834 iuditii
1303 2772 1465 2836 ratio
1496 2772 1565 2834 in
1593 2782 1892 2858 promptu
1925 2773 2023 2838 sit.
2090 2772 2192 2837 De
2225 2774 2458 2859 quibus

218 2875 353 2918 non
398 2852 599 2917 solum
646 2863 899 2939 patrum
946 2855 1210 2920 statutai
1261 2854 1501 2940 legitis,
1560 2879 1780 2921 verum
1835 2857 2026 2920 etiam
2076 2879 2192 2940 per
2243 2879 2458 2922 conse-

220 2938 513 3024 quentias
556 2959 767 3002 rerum
814 2939 1111 3024 equitatis
1164 2961 1495 3004 censuram
1540 2940 1822 3026 proferre
1867 2962 1994 3004 non
2036 2941 2380 3024 ignoratis'.

220 3093 325 3158 66.
397 3091 649 3156 Arnulfi
691 3095 1023 3178 persuasio
1040 3097 1120 3138 Μ
1163 3097 1255 3160 ad.
1290 3097 1652 3162 defensores
1671 3099 1705 3180 ¹,
1750 3108 1820 3161 ut
1861 3094 2085 3160 liberel
2117 3095 2457 3181 disputent.

392 3211 699 3277 Arnulfus
755 3212 1233 3278 Aurelianensis
1298 3219 1515 3314 episco
1570 3239 1643 3278 us
1702 3216 1894 3279 dixit:
1953 3214 2154 3277 ‘Licet
2165 3263 2179 3294 ,
2245 3225 2458 3297 patres
2479 3237 2625 3277 e.1⁷.

218 3297 587 3375 venerandi,
632 3297 751 3362 hec
798 3299 1143 3362 certissime
1188 3321 1254 3361 se
1298 3320 1392 3362 sic
1434 3299 1515 3361 ha
1566 3306 1728 3377 eant,
1773 3306 1844 3360 ut
1886 3296 1964 3360 de
2007 3295 2275 3360 Arnulfo
2320 3318 2458 3381 pre-

221 3383 534 3463 dicantur,
577 3378 992 3466 plurimisque
1036 3383 1361 3445 sententiis
1404 3389 1659 3464 patrum
1702 3381 1870 3444 iusto
1913 3378 2139 3442 iuditio
2171 3379 2459 3443 damnari

220 3464 455 3548 valeat,
498 3474 731 3545 tamen,
776 3487 857 3528 ne
899 3463 1232 3529 videamur
1275 3463 1355 3526 de
1384 3465 1595 3527 fratris
1625 3465 1810 3527 ruina
1837 3462 2103 3527 letantes
2133 3473 2197 3526 et
2225 3463 2291 3526 in
2322 3463 2456 3527 eius

219 3548 631 3612 damnatione
674 3548 915 3634 absque
960 3550 1128 3612 iusto
1182 3547 1495 3630 ardenteS,
1541 3546 1946 3612 statuendum
1989 3547 2310 3610 communi
2354 3545 2458 3610 de-

223 3641 398 3697 creto
464 3633 765 3715 arbitror,
830 3641 919 3714 ut,
988 3632 1376 3717 quicumque
1435 3632 1560 3695 inm
1616 3632 1752 3695 eius
1797 3630 2159 3695 defensione
2215 3628 2457 3729 aliquid

222 3715 435 3781 dicere
479 3717 720 3798 nititur,
779 3714 991 3780 locum
1035 3714 1405 3779 defensandi
1447 3714 1680 3781 habeat
1695 3764 1711 3798 ,
1768 3713 2060 3779 revolvat
2115 3712 2458 3795 volumlna,

345 3905 391 3958 a)
426 3907 567 3947 Cuius
599 3904 903 3944 anathematis
938 3907 979 3945 1.
1100 3901 1145 3953 b)
1179 3905 1288 3955 atio,
1331 3905 1540 3954 episcopi
1569 3906 1684 3945 absc.
1809 3903 1850 3957 e)
1882 3906 1945 3956 io,
1978 3905 2018 3944 is
2049 3903 2160 3943 abac.
2284 3899 2331 3952 d)
2362 3902 2459 3943 fau-

221 3969 350 4006 tores
385 3968 425 4007 1.
576 3962 620 4014 e)
652 3974 748 4003 non
777 3975 824 4014 p.
860 3966 899 4005 1.
1047 3959 1085 4013 f)
1116 3973 1137 4000 e
1166 3974 1280 4002 corr.
1318 3965 1359 4004 1.
1510 3961 1558 4015 g)
1592 3964 1773 4004 abhom.
1811 3966 1850 4005 1.
2000 3959 2049 4012 h)
2083 3962 2234 4013 adnm,
2275 3961 2458 4013 iuditio,

222 4024 464 4135 nmqopqzaeci
613 4021 648 4074 i)
683 4023 871 4063 decreta
905 4023 944 4062 1.
1098 4019 1147 4071 k)
1180 4022 1353 4062 suatsio
1384 4032 1495 4062 corr.
1530 4024 1703 4064 suasio.
1852 4020 1888 4074 1)
1919 4032 2020 4073 per,
2050 4021 2199 4072 defen,
2231 4029 2308 4060 ere
2339 4021 2452 4062 abso.

378 4212 433 4279 1)
471 4214 552 4264 Ab
593 4213 674 4264 his
711 4212 872 4280 longe
914 4213 1125 4265 diversa
1164 4214 1306 4281 apud
1347 4213 1662 4266 Gerbertum
1702 4213 1970 4278 leguntur.
