3059 4834
593 246 699 298 178

1066 245 1373 298 RICHERI
1410 245 1916 298 HISTORIARUM
1953 247 2173 299 LIBER
2211 247 2349 300 1111.

464 431 565 476 ⁹⁹⁶
586 417 679 482 eis
720 416 1039 498 intererat,
1086 414 1273 480 simul
1307 423 1674 514 surgentes,
1718 436 2058 562 orsumque
2103 414 2379 497 seducti,
2415 416 2579 514 quid
2622 438 2662 480 a
2709 440 2814 482 en

384 493 489 536 ¹³¹⁸·
522 494 564 534 ’²
586 501 738 565 dum
782 501 931 566 inde
975 509 1157 583 esset,
1201 499 1656 565 deliberabant.
1671 594 1804 647 OSta
1741 499 1956 646 Etapio
1918 507 2016 563 ost
2043 464 2428 584 paululum
2409 523 2623 586 1psum
2719 523 2813 566 er-

350 921 428 976 ⁸p.
461 924 564 967 656.

259 1435 402 1480 nath.
425 1436 469 1490 6,
490 1438 560 1479 89.

261 1650 558 1705 Mathasxl.

584 583 836 650 bertum
879 550 1167 649 invitant'.
1266 583 1391 648 Cui
1434 606 1581 648 cum

1934 590 2089 669 quot
2131 605 2450 648 sermones
2493 606 2532 647 a
2576 584 2810 650 domno

718 691 759 732 a
803 691 1033 768 corpus
1088 679 1152 732 et
1207 669 1584 753 sanguinem
1697 668 1894 731 omini
1949 688 2027 730 ac
2083 667 2471 732 sacerdotale
2530 668 2811 733 officium

584 691 715 816 2³13>
750 754 1069 837 presentia
1110 751 1306 838 legati
1347 749 1687 837 prohibere
1730 749 1980 833 vellent,
2022 749 2128 816 ille
2159 773 2313 816 mox
2344 773 2428 815 ex
2457 751 2811 816 canonibus

818 927 1013 980 Sedem
1051 933 1229 978 autem
1266 926 1580 994 populorum
1619 925 1956 976 multitudine
1994 926 2262 990 refertam,
2301 926 2512 977 advena
2538 924 2648 977 et*
2659 942 2810 994 pere-

818 1002 1026 1067 grinus,
1079 1000 1238 1051 nullis
1286 1000 1450 1050 fretus
1503 997 1720 1066 opibus,
1773 998 2066 1066 pervadere
2118 1001 2210 1064 qui
2265 1001 2452 1066 potui?
2513 1000 2622 1051 Sed
2671 1001 2810 1051 forte

817 1074 1116 1141 apostolica
1152 1073 1310 1124 sedes
1348 1073 1503 1124 nobis
1543 1073 1853 1139 opponitur,
1903 1078 2175 1137 tamquam
2225 1088 2292 1123 ea
2338 1073 2638 1124 inconsulta
2668 1089 2808 1125 sum-

815 1164 958 1199 mum
983 1147 1086 1198 hoc
1112 1148 1395 1212 negocium
1424 1146 1720 1197 discussum
1747 1146 1831 1208 sit,
1869 1145 1957 1196 vel
1983 1147 2301 1210 ignorantia,
2339 1146 2427 1196 vel
2455 1149 2808 1199 contumacia.

817 1221 975 1273 Certe
1012 1220 1146 1270 nihil
1182 1225 1360 1270 actum
1396 1219 1485 1269 vel
1523 1219 1791 1284 agendum
1829 1219 1945 1282 fuit,
1986 1219 2128 1284 quod
2167 1219 2494 1285 apostolicae
2525 1220 2644 1270 sedi
2670 1220 2805 1271 rela-

816 1301 929 1346 tum
968 1310 1074 1344 non
1122 1294 1297 1355 fuerit,
1346 1293 1568 1360 eiusque
1619 1308 1714 1359 per
1765 1292 1955 1342 decem
2003 1298 2057 1342 et
2104 1304 2226 1342 octo
2277 1309 2486 1343 meuses
2527 1299 2810 1360 expectata

816 1369 1097 1419 sententia.
1176 1367 1287 1418 Sed
1327 1366 1452 1416 dnm
1492 1366 1561 1416 ab
1609 1365 1911 1417 hominibus
1966 1366 2244 1416 consilium
2291 1382 2397 1416 non
2451 1367 2685 1432 capitur,
2737 1367 2809 1418 ad

813 1441 913 1491 filii
951 1441 1056 1490 Dei
1102 1441 1500 1506 supereminens
1554 1439 1821 1504 eloquium
1858 1441 2168 1489 recurritur:
2211 1437 2309 1490 “Si
2346 1439 2581 1502 oculus”‚
2617 1441 2810 1505 inquit,

817 1515 975 1565 “tuus
1000 1513 1334 1564 scandalizat
1358 1514 1445 1564 te”
1486 1518 1541 1562 et
1563 1507 1828 1578 reliquab.
1906 1513 1976 1562 Et
2011 1513 2226 1562 fratrem
2257 1518 2589 1579 peccantem,
2631 1529 2808 1564 coram

814 1586 1041 1637 testibus
1094 1601 1379 1651 coramque
1440 1584 1674 1636 ecclesia
1726 1586 2100 1635 commonitum
2154 1590 2208 1635 et
2254 1601 2364 1636 non
2414 1585 2807 1648 obaudientem,

818 1660 1058 1710 decernit
1105 1658 1409 1708 habendum
1455 1663 1728 1723 tamquam
1780 1659 2089 1708 ethnicum⁰
2130 1664 2184 1708 et
2231 1659 2591 1725 publicanum.
2669 1658 2807 1710 Con·

816 1737 1004 1783 ventus
1061 1747 1187 1796 ergo
1238 1729 1489 1782 Arnulfus
1549 1736 1602 1780 et
1657 1731 2008 1782 commonitus
2076 1731 2267 1782 litteris
2335 1737 2390 1782 et
2445 1732 2637 1798 legatis
2695 1734 2798 1799 epi·

817 1821 1098 1872 scoporum
1138 1803 1379 1867 Galliae,
1425 1809 1485 1854 ut
1522 1819 1556 1852 a
1595 1809 1786 1870 coepto
1813 1805 1996 1858 ‚furore
2036 1804 2316 1856 desisteret
2365 1812 2446 1865 et,
2505 1807 2550 1856 si
2585 1805 2806 1866 valeret,

818 1895 1030 1944 quoquo
1082 1878 1241 1928 modo
1295 1893 1353 1928 se
1402 1894 1435 1927 a
1484 1877 1797 1944 perditionis
1846 1876 2050 1928 scelere
2099 1884 2378 1945 purgaret,
2430 1879 2554 1928 dum
2606 1881 2806 1929 monita

817 1952 1053 2003 salubria
1092 1952 1402 2012 contemnit,
1440 1951 1653 2000 habitus
1693 1957 1774 2001 est
1798 1955 2069 2015 tamqnam
2109 1953 2352 2002 ethnicus
2391 1958 2446 2002 et
2469 1951 2806 2018 publicanus.

816 2025 932 2075 Nec
966 2030 1148 2075 tamen
1184 2024 1387 2074 idcirco
1428 2023 1749 2075 diiudicatus
1792 2029 1850 2074 ιιι
1893 2024 2136 2075 ethnicus
2175 2026 2242 2075 ob
2282 2027 2632 2075 reverentiam
2659 2025 2805 2077 sedis

818 2098 1149 2164 apostolicae
1189 2096 1583 2162 sacerdotiique
1620 2098 1762 2146 sacri
1798 2097 2107 2163 privilegia,
2159 2098 2252 2148 sed
2306 2114 2339 2147 a
2389 2114 2447 2148 se
2484 2100 2602 2165 ipso
2640 2100 2698 2148 in
2746 2115 2804 2150 se

816 2173 989 2238 ipsum
1030 2171 1383 2221 damnationis
1421 2171 1689 2220 sententia
1723 2170 1955 2236 prolata,
2008 2171 2110 2221 hoc
2161 2171 2330 2221 solum
2383 2187 2501 2221 eum
2554 2173 2610 2221 in
2662 2174 2805 2223 omni

816 2247 930 2295 vita
966 2260 1064 2294 sua
1100 2244 1340 2311 preclare
1381 2245 1556 2309 egisse
1596 2243 1946 2294 diiudicatum
1987 2249 2093 2307 est3
2135 2245 2261 2309 quia
2296 2245 2559 2308 nimirum,
2599 2247 2644 2295 si
2684 2261 2803 2295 eum

816 2333 874 2368 se
929 2319 1047 2384 ipso
1097 2319 1382 2368 damnante
1433 2318 1675 2383 episcopi
1723 2317 2088 2379 absolverent,
2133 2333 2362 2383 poenam
2413 2317 2633 2369 sceleris
2691 2321 2803 2369 eius

814 2392 1164 2442 incurrerent.
1247 2389 1391 2453 “Si”,
1429 2391 1603 2454 inquit
1638 2405 1862 2455 magnus
1889 2389 2002 2440 Leo
2041 2405 2200 2457 papa,
2239 2391 2456 2442 “omnes
2494 2391 2804 2444 sacerdotes

820 2470 875 2516 et
910 2464 1137 2515 mundus
1175 2465 1436 2514 assentiat
1473 2463 1807 2524 damnandis,
1848 2463 2117 2514 damnatio
2146 2465 2536 2515 consentientes
2561 2465 2803 2528 involvit,

817 2553 926 2588 non
998 2539 1475 2604 prevaricationem
1552 2551 1838 2587 consensus
1915 2536 2162 2588 absolvit.
2275 2538 2395 2589 Hoc
2459 2539 2599 2588 enim
2655 2539 2804 2589 Deus

817 2612 1051 2662 omnium
1088 2611 1365 2671 indicavit,
1404 2611 1495 2676 qui
1529 2615 1847 2676 peccantem
1871 2611 2125 2660 mnndum
2149 2611 2389 2676 generali
2416 2610 2616 2662 diluvio
2641 2612 2802 2662 inter·

818 2684 994 2736 emit”.
1068 2685 1139 2734 Et
1174 2699 1316 2750 papa
1356 2684 1633 2735 Gelasius:
1698 2684 1893 2733 “Error
1931 2684 2021 2749 qui
2060 2684 2227 2734 semel
2267 2690 2346 2735 est
2385 2699 2503 2734 cum
2543 2701 2637 2735 suo
2676 2700 2801 2734 auc-

816 2763 929 2808 tore
971 2757 1267 2819 damnatus,
1303 2758 1360 2806 in
1397 2758 1658 2823 participe
1698 2755 1936 2822 quolibet
1972 2772 2168 2822 pravae
2198 2759 2580 2808 communionis
2611 2757 2801 2807 effecto

794 2832 1205 2882 'execrationem
1254 2832 1336 2880 sui
1386 2835 1566 2895 gestat
1617 2835 1671 2879 et
1723 2826 2004 2896 poenam'’.
2095 2831 2328 2881 Excluso
2386 2833 2568 2896 itaque
2620 2829 2713 2880 illo
2767 2846 2801 2880 a

813 2905 1067 2954 Remensi
1124 2903 1384 2969 ecclesia,
1433 2904 1565 2952 mihi
1612 2901 1897 2952 reluctanti
1957 2902 2285 2969 multumque
2337 2919 2402 2954 ea
2440 2918 2576 2970 quae
2613 2919 2800 2971 passus

814 2992 930 3027 sum
969 2981 1023 3026 et
1059 2976 1235 3027 adhuc
1274 2977 1447 3042 patior
1481 2975 1803 3043 formidanti,
1843 2991 1878 3024 a
1911 2975 2160 3027 fratribus
2197 2979 2330 3028 meis
2357 2977 2649 3029 Galliarum
2690 2979 2802 3044 epi-

813 3051 991 3115 scopis
1049 3050 1152 3100 hoc
1206 3050 1376 3099 honus
1432 3048 1723 3099 sacerdotii
1777 3049 1874 3098 sub
1933 3048 2100 3099 divini
2156 3051 2382 3100 nominis
2446 3051 2801 3102 obtestatione

812 3123 1117 3188 impositum
1157 3127 1251 3176 est.
1328 3121 1483 3184 Quod
1520 3123 1568 3172 si
1604 3121 1738 3172 forte
1777 3137 1812 3170 a
1847 3123 2013 3172 sacris
2050 3122 2261 3188 leg-ibus
2300 3125 2574 3191 quippiam
2620 3124 2802 3175 devia-

812 3200 925 3246 tum
976 3203 1084 3260 est,
1135 3211 1243 3247 non
1291 3195 1347 3245 id
1387 3194 1634 3258 malicia,
1684 3195 1778 3245 sed
1827 3197 2079 3262 temporis
2129 3197 2435 3263 importavit
2489 3199 2800 3250 necessitas.

810 3269 1064 3334 Alioquin
1101 3275 1339 3336 tempore
1378 3267 1560 3320 hostili
1589 3284 1744 3319 omne
1782 3269 1864 3318 ius
1903 3284 2164 3334 omneque
2189 3268 2395 3321 licitum
2423 3286 2631 3333 cavere,
2672 3271 2804 3338 quid

814 3347 895 3392 est
932 3342 1075 3393 aliud
1118 3359 1274 3409 quam
1314 3344 1542 3409 patriam
1579 3341 1804 3409 perdere
1843 3347 1898 3392 et
1933 3357 2122 3392 necem
2157 3343 2386 3393 inferre?
2444 3343 2616 3394 Silent
2652 3346 2800 3410 equi-

814 3414 935 3465 dem
990 3415 1139 3480 leges
1195 3418 1335 3466 inter
1388 3431 1564 3477 arma3
1623 3416 1813 3480 quibus
1862 3414 1955 3464 ille
2012 3415 2193 3466 feralis
2250 3416 2424 3467 bestia
2473 3412 2638 3467 Odod
2684 3419 2801 3468 itae

810 3488 1008 3538 abusus
1048 3495 1145 3552 est,
1198 3495 1257 3540 ut
1310 3490 1764 3540 reverentissimos
1802 3487 2110 3539 sacerdotes
2149 3489 2255 3538 Dei
2293 3491 2446 3555 quasi
2484 3491 2613 3540 vilia
2649 3505 2798 3540 man-

813 3562 954 3627 cipia
995 3567 1238 3628 caperet,
1287 3577 1389 3612 nec
1440 3563 1507 3611 ab
1560 3563 1691 3628 ipsis
1741 3562 2095 3612 sacrosanctis
2153 3562 2408 3614 altaribus
2459 3569 2798 3630 temperaret,

814 3642 1138 3686 commeatus
1176 3635 1419 3702 publicos
1455 3633 1870 3685 intercluderet’.

1426 3743 1603 3811 (105.)
1672 3744 1950 3811 Epilogus.

814 3835 1015 3886 ‘Redeo
1054 3835 1122 3885 ad
1163 3852 1264 3902 me,
1304 3837 1718 3887 reverentissimi
1756 3841 1963 3903 patres,
2004 3838 2090 3887 cui
2121 3837 2429 3904 specialiter
2466 3838 2534 3888 ob
2573 3837 2802 3889 salutem

809 3910 1078 3974 pereuntis
1116 3909 1300 3976 populi
1348 3911 1619 3975 totiusque
1668 3909 1747 3958 rei
1791 3908 2041 3974 publicae
2094 3926 2274 3960 curam
2326 3927 2472 3961 mors·
2515 3911 2804 3962 furibunda

812 3997 931 4032 cnm
971 3983 1213 4033 omnibus
1251 3985 1361 4034 suis
1398 3984 1640 4034 incubuit
1679 3983 1866 4048 copiis.
1941 3983 2086 4033 Hinc
2133 3983 2251 4033 dira
2301 3989 2512 4049 egestas
2531 4021 2544 4045 ,
2584 3984 2800 4036 horreas

815 4060 869 4105 et
905 4056 1195 4121 apothecas
1234 4061 1440 4106 armata
1477 4071 1639 4106 manu
1675 4056 1778 4106 sibi
1814 4055 2079 4121 vindicat3
2117 4057 2267 4107 illinc
2303 4057 2430 4108 foris
2478 4057 2692 4122 gladius
2745 4064 2801 4109 et

690 4178 736 4232 a)
767 4181 890 4221 inter
906 4182 945 4222 1.
1062 4180 1110 4233 b)
1143 4186 1189 4223 te
1220 4193 1329 4222 erue
1360 4194 1481 4235 eum,
1514 4187 1561 4224 et
1590 4184 1764 4234 proiice
1795 4183 1927 4223 illum
1960 4184 2040 4224 abs
2071 4188 2116 4224 te
2143 4185 2204 4225 ed.
2297 4182 2339 4236 e)
2368 4184 2606 4225 hetnicum
2637 4196 2671 4225 c.
2692 4196 2796 4226 con·

570 4243 749 4280 &lamer-

870 4238 917 4291 d)
952 4239 1004 4280 Ο.
1037 4252 1107 4289 c.;
1138 4241 1244 4282 Otto
1274 4242 1338 4283 ed.
1460 4240 1503 4294 e)
1537 4243 1602 4282 ita
1632 4243 1718 4282 hoc
1748 4247 1956 4292 tempore
1988 4254 2015 4283 a
2045 4243 2108 4284 ed.
