3059 4834
357 1974 432 2030 Ἰ).
465 1977 565 2020 568.

586 274 636 324 Χ
1061 272 1366 324 ΒῙΟΗΕΒΙ
1399 271 1901 326 HISTORIARUM
1937 273 2143 326 LIBRI
2180 274 2312 324 1111.

584 443 710 506 tati
769 442 1101 506 tribuendi
1121 452 1162 503 ¹.
1286 440 1460 505 Ordo
1523 443 1598 504 in
1660 442 2034 507 universum
2096 446 2403 527 tempor-is
2467 444 2811 509 decursum

587 535 858 607 secutus,
905 547 1379 608 nonnunquam
1425 526 1643 589 studio
1685 548 1903 590 rerum
1944 527 2529 592 connectendarum
2584 529 2804 592 turba-

586 619 712 674 tur.
812 609 1042 674 Oratio
1087 607 1406 689 dilucida,
1463 609 1691 690 brevis,
1750 612 1971 696 viqore
2016 619 2075 673 et
2116 611 2532 695 simplicitate
2569 611 2804 696 placet.

752 695 1093 774 Richerus,
1155 716 1345 777 opere
1401 715 1605 776 usque
1664 694 1755 757 ad
1805 715 2081 758 mensem
2120 695 2405 760 Junium
2451 697 2618 760 anni
2660 695 2804 760 995.

576 778 914 862 perductO,
958 777 1284 842 scribendi
1309 776 1516 858 finem
1538 776 1730 861 fecit,
1766 780 2005 843 notatis
2033 788 2246 842 tamen
2266 781 2659 864 praecipuis
2689 803 2804 843 an-

586 885 821 927 norum
863 860 1007 942 996,
1049 860 1192 924 997.
1238 870 1295 923 et
1335 859 1479 924 998.
1524 862 1871 943 eventibus,
1925 863 2023 926 ita
2077 872 2149 926 ut
2202 885 2345 928 eum
2400 864 2501 928 his
2554 887 2679 950 quo
2724 887 2803 928 ue

586 944 1066 1011 conscribendis
1112 947 1406 1009 animum
1437 946 1790 1011 advertisse
1821 955 2072 1030 pateat.
2167 944 2309 1020 Quo
2338 957 2615 1032 tempore
2709 971 2803 1012 er-

585 1030 756 1094 berto
802 1031 894 1094 ad
944 1031 1153 1094 sedem
1195 1030 1643 1094 Ravennatem
1700 1039 1758 1092 et
1807 1053 1985 1094 anno
2043 1033 2333 1114 sequenti
2382 1031 2805 1116 pontificatus

586 1115 876 1178 Romani
920 1114 1010 1177 ad
1056 1115 1305 1199 apicem
1335 1123 1657 1199 promoto,
1718 1137 1808 1177 an
1852 1114 2177 1178 Ricberus
2221 1137 2385 1200 opus
2429 1117 2804 1181 transmise-

585 1200 692 1279 rit,
739 1198 1035 1262 dubitari
1073 1207 1303 1282 potest.
1397 1196 1573 1262 Certe
1618 1199 2074 1283 autoqraphus
2118 1197 2280 1263 liber
2321 1222 2453 1264 non
2495 1201 2592 1263 ita
2636 1223 2800 1264 com-

573 1292 866 1366 paratus
924 1292 1033 1363 est,
1092 1291 1164 1345 ut
1225 1282 1709 1367 archiepiscopi
1768 1284 2076 1346 summive
2118 1281 2461 1367 pontificis
2502 1284 2805 1348 manibus

585 1367 903 1430 traditum
928 1364 1145 1447 facile
1189 1367 1580 1447 ewistimem;
1648 1366 2043 1513 descrgptum
2090 1376 2301 1430 autem
2324 1367 2570 1452 fuisse,
2614 1369 2801 1454 iquo-

584 1473 830 1514 ramus.
914 1451 1016 1512 De
1057 1451 1338 1514 Richero
1382 1472 1635 1533 quoque
1676 1472 1783 1513 am
1854 1451 1962 1514 ius
2007 1451 2177 1514 nihil
2219 1460 2488 1533 constat,
2535 1462 2806 1537 praeter

587 1534 780 1620 quod,
822 1534 1038 1598 studio
1082 1535 1224 1619 ejus
1262 1534 1500 1598 librum
1541 1533 1704 1619 leqis
1804 1534 2034 1616 alicae,
2077 1537 2197 1619 qui
2236 1536 2425 1600 bodie
2468 1537 2542 1598 in
2585 1536 2802 1600 biblio-

584 1619 766 1681 theca
809 1639 878 1680 re
927 1620 998 1681 ia
1026 1618 1396 1682 Parisiensi
1423 1639 1691 1681 numero
1718 1617 1905 1682 4789.
1948 1620 2314 1705 insiynitus
2347 1629 2541 1701 extat,
2584 1619 2803 1683 biblio-

586 1702 802 1850 theqlae
911 1704 1090 1765 ancti
1143 1702 1431 1787 Remigii
1479 1703 1817 1766 Remensis
1881 1703 2153 1785 illatum,
2221 1705 2565 1788 inscriptio
2628 1713 2804 1767 vetus

585 1795 692 1849 tra
740 1787 791 1849 it
809 1795 851 1851 ².

755 1871 1057 1934 Historia
1101 1878 1381 1955 autoyra
1435 1870 1524 1932 ha
1553 1869 1811 1935 saeculo
1840 1870 1953 1933 XI.
1985 1871 2398 1935 bibliothecae
2426 1873 2805 1936 monasterii

587 1953 659 2018 S.
702 1953 1046 2019 IlIickaelis
1092 1954 1358 2018 *Baben
1401 1955 1691 2040 erqensis
1734 1955 1813 2019 ab
1859 1955 2175 2018 Heinrico
2222 1955 2310 2017 ΙΙ.
2353 1957 2440 2019 im
2495 2003 2509 2018 .
2556 1955 2805 2019 conditi

584 2041 757 2103 inter
786 2039 1045 2123 primos
1088 2041 1230 2124 ejus
1253 2037 1551 2122 fortasse
1592 2038 1790 2103 libros
1818 2037 2029 2119 illata,
2073 2062 2218 2103 cum
2249 2038 2403 2103 aliis
2454 2039 2616 2102 ibris
2648 2037 2803 2102 Ger-

587 2123 756 2186 berto
815 2132 872 2184 et
927 2122 1208 2188 Rickero
1266 2124 1434 2187 notis
1475 2124 1551 2186 in
1604 2123 1902 2209 cataloqo
1960 2123 2281 2208 Ruotyeri
2343 2125 2527 2187 intra
2593 2144 2804 2186 annos

591 2205 1022 2272 1112-1123.
1067 2207 1352 2288 confecto
1395 2217 1761 2272 recensetur
1779 2218 1824 2288 θ,
1865 2208 2082 2292 ibique
2126 2209 2324 2272 annis
2370 2205 2803 2272 1098-1101.

589 2290 667 2354 ab
712 2290 1103 2356 Ekkehardo
1161 2291 1637 2377 Urauyiensi4,
1683 2301 1741 2356 et
1781 2292 2286 2377 quadrinqentis
2330 2293 2529 2356 annis
2562 2300 2717 2376 post
2762 2314 2804 2354 a

733 2479 789 2545 1)
819 2479 968 2531 Alios
997 2481 1157 2528 etiam
1182 2496 1238 2530 re
1265 2479 1409 2530 haud
1445 2480 1585 2530 bene
1610 2495 1873 2546 perpensa
1902 2481 2167 2530 commisit
2178 2497 2192 2542 ;
2233 2496 2280 2531 e.
2306 2497 2359 2546 g.
2388 2482 2435 2540 1,
2456 2481 2507 2531 3.
2546 2479 2801 2531 Karolum

583 2558 734 2619 patre
773 2553 1003 2604 obeunte
1042 2553 1305 2615 biennem,
1361 2554 1405 2614 1,
1448 2553 1534 2602 12.
1592 2568 1730 2603 anno
1770 2553 1894 2604 893.
1952 2553 2307 2618 quindennem
2344 2553 2498 2614 facit3
2538 2553 2640 2612 111,
2677 2552 2801 2603 109.

584 2625 824 2676 Lotharii
861 2641 1028 2676 annos
1069 2641 1172 2675 non
1211 2631 1461 2676 accurate
1502 2630 1790 2692 computat.
1941 2625 2000 2690 2)
2036 2624 2200 2675 Liber
2228 2624 2399 2676 sancti
2434 2624 2659 2691 Remigii
2693 2630 2801 2676 stu·

584 2697 673 2749 dio
712 2739 725 2751 .
755 2735 770 2750 .
798 2735 811 2749 .
850 2715 888 2747 n
913 2733 928 2750 .
957 2737 970 2750 .
999 2735 1014 2750 .
1039 2689 1115 2750 ,72²3
1150 2695 1320 2748 richer
1345 2739 1358 2751 .
1388 2734 1402 2751 .
1571 2697 1631 2763 3)
1671 2698 1961 2761 Schannat,
1999 2697 2246 2748 Vindem.
2285 2698 2332 2761 Ι,
2371 2698 2459 2749 52.
2620 2695 2679 2763 4)
2721 2697 2802 2750 Cf.

582 2771 745 2822 Arch.
783 2772 908 2835 VII,
944 2772 1069 2822 470.
1108 2772 1232 2823 471.
1281 2770 1659 2834 Ekkehardus,
1698 2776 1883 2820 contra
1917 2786 2117 2820 morem
2156 2787 2306 2822 suum
2344 2773 2400 2821 in
2440 2770 2802 2823 exscribendis

585 2844 706 2896 aliis
742 2845 1088 2910 scriptoribus
1127 2844 1424 2911 probatum,
1463 2845 1681 2906 Richeri
1717 2849 1866 2895 textu
1890 2845 2021 2894 satis
2044 2843 2212 2894 libere
2238 2845 2416 2905 utitur,
2455 2860 2556 2895 nec
2594 2850 2802 2897 tantum

586 2918 694 2968 alia
747 2919 912 2968 verba
967 2919 1381 2984 sententiasque,
1437 2916 1533 2968 sed
1584 2918 1683 2982 bis,
1741 2918 1798 2967 in
1853 2916 2074 2967 historia
2130 2917 2340 2968 scilicet
2376 2919 2690 2984 Haganonis
2749 2922 2803 2968 et

587 2989 894 3054 Giselberti‚
934 2991 1197 3043 diversam
1235 2992 1394 3058 plane
1431 2991 1805 3053 narrationem,
1858 3005 1921 3041 eo
1960 2995 2140 3041 tamen
2177 2991 2352 3041 animo
2402 2993 2577 3057 iisque
2622 2991 2799 3042 verbis

586 3080 724 3130 quae
761 3065 990 3116 Richero
1030 3081 1186 3131 qnam
1228 3066 1454 3115 maxime
1495 3065 1830 3126 conveniant,
1866 3063 2083 3130 profert.
2160 3063 2368 3114 Coniici
2404 3066 2567 3130 igitur
2603 3070 2801 3132 posset,

587 3154 705 3188 eum
746 3138 854 3187 alia
891 3139 1066 3205 operis
1107 3138 1339 3189 editione
1376 3154 1530 3189 usum
1568 3137 1760 3200 fuisse3
1799 3137 1896 3187 sed
1934 3137 2137 3188 nullum
2165 3136 2382 3189 alterius
2410 3137 2613 3190 codicis
2637 3139 2799 3190 vesti-

585 3211 733 3276 gium
771 3217 935 3262 extat.
1012 3212 1146 3262 Nam
1197 3212 1439 3262 codicem
1477 3216 1713 3262 nostrum
1750 3211 1857 3260 iam
1895 3216 2020 3261 ante
2060 3226 2253 3261 annum
2294 3211 2509 3277 quidem
2552 3212 2708 3263 1611.
2745 3213 2801 3260 in

587 3285 821 3336 ecclesia
857 3285 1264 3352 metropolitana
1293 3284 1730 3348 Babenbergensi
1767 3283 2123 3340 adservatum,
2162 3284 2392 3336 saeculis
2431 3285 2801 3347 anterioribus,

588 3365 641 3410 et
675 3358 902 3410 fortasse
953 3365 1075 3427 post
1125 3373 1373 3424 magnam
1419 3357 1570 3408 illam
1620 3357 1926 3408 monasterii
1964 3357 2017 3410 S.
2056 3357 2341 3408 Michaelis
2379 3359 2801 3409 devastationem

587 3448 724 3500 quae
763 3447 811 3482 a.
855 3433 1013 3484 1453.
1073 3432 1311 3496 contigit,
1369 3448 1431 3482 eo
1481 3430 1795 3482 translatum
1850 3446 1966 3481 esse
2020 3435 2245 3496 oportet,
2303 3447 2421 3482 cum
2460 3432 2517 3480 in
2555 3431 2799 3495 catalogo

587 3506 946 3557 bibliothecae
986 3504 1422 3572 metropolitanae
1462 3505 1748 3569 antiquiori
1787 3503 1855 3552 ad
1894 3504 2168 3555 saeculum
2206 3504 2334 3555 XII.
2360 3503 2447 3555 vel
2486 3504 2643 3555 XIII.
2682 3519 2799 3570 per-

585 3580 808 3642 tinente,
866 3596 1021 3645 quem
1064 3579 1145 3630 01.
1184 3578 1353 3627 Iaeck
1401 3579 1458 3628 in
1510 3577 1708 3629 Okenii
1744 3577 1893 3628 Iside
1932 3593 1982 3627 a.
2026 3576 2195 3641 1829,
2252 3595 2304 3644 p.
2348 3578 2507 3628 1237.
2549 3583 2602 3628 et
2643 3577 2800 3627 1238.

588 3652 876 3717 evulgavit,
914 3652 1063 3702 nulla
1099 3652 1315 3702 Richeri
1347 3652 1546 3702 mentio
1583 3651 1727 3701 facta
1764 3652 1848 3702 sit.
1924 3651 2246 3702 Trithemius
2286 3651 2530 3702 codicem
2566 3656 2803 3701 nostrum

589 3731 642 3775 et
680 3725 1061 3776 Ekkehardum
1112 3731 1235 3774 ante
1288 3724 1472 3776 oculos
1522 3724 1737 3786 habuit3
1797 3740 1897 3774 nec
1934 3740 2137 3788 vereor,
2195 3740 2263 3775 ne
2302 3725 2420 3790 quis
2458 3723 2695 3775 fabulam
2734 3723 2802 3773 de

588 3796 833 3848 malefica
871 3804 924 3848 et
959 3798 1192 3850 Ranthei
1229 3813 1381 3864 equa,
1431 3798 1746 3862 Haganonis
1785 3797 1927 3865 apud
1968 3813 2087 3848 eum
2126 3799 2379 3849 historiae
2415 3798 2686 3856 insertam,
2737 3812 2802 3848 ex

587 3873 818 3924 Richero
866 3871 1107 3923 haustam
1157 3871 1320 3923 fuisse
1374 3874 1636 3938 opinetur,
1694 3872 1843 3922 cuius
1882 3887 1915 3920 a
1952 3871 2221 3922 scribendi
2272 3872 2477 3922 ratione
2528 3885 2699 3936 aeque
2737 3885 2803 3920 ac

589 3947 783 4005 animo,
839 3945 1298 4012 superstitionibus
1354 3945 1571 3995 minime
1628 3944 1873 4005 obnoxio,
1931 3945 2201 3996 abhorret.
2288 3945 2441 3995 Talia
2495 3943 2801 3994 Flodoardo

589 4020 872 4070 convenire
928 4025 1160 4085 possent.
1235 4019 1396 4083 Hugo
1455 4019 1615 4069 etiam
1671 4018 2096 4069 Flaviniacensis
2150 4019 2335 4069 Karoli
2394 4019 2694 4084 captionem
2752 4021 2807 4069 et

589 4092 834 4144 Gerberti
873 4093 1282 4160 disputationem
1323 4108 1441 4143 cum
1483 4091 1703 4142 Othrico
1753 4095 1845 4141 aut-
1881 4106 1914 4140 a
1950 4097 2129 4142 nostro
2168 4097 2259 4142 aut
2295 4091 2361 4141 ab
2402 4090 2508 4141 alio
2547 4091 2805 4157 scriptore

589 4167 679 4232 qui
715 4171 948 4216 nostrum
989 4167 1344 4233 exscripserat
1379 4167 1610 4232 accepit,
1649 4164 1745 4216 SS.
1783 4164 1941 4226 VIII,
1978 4182 2031 4233 p.
2052 4164 2175 4215 365.
2214 4164 2320 4214 867
2338 4184 2351 4228 ;
2392 4169 2609 4215 econtra
2644 4164 2805 4230 Hugo

587 4240 945 4291 Floriacensis
982 4246 1216 4292 nostrum
1255 4240 1470 4290 minime
1509 4239 1671 4302 novit,
1720 4243 1773 4288 et
1812 4237 1976 4289 Gesta
2012 4236 2322 4305 pontificum
2358 4238 2699 4290 Remensium
2736 4237 2806 4288 ab
