3059 4834
651 255 722 305 80
1172 255 1478 308 RICHERI
1516 255 2019 308 HISTORIARUM
2055 255 2281 306 LIBER
2318 254 2394 307 11.

538 441 622 481 9⁴8
655 425 846 488 etiam
914 423 1135 486 sinodo
1202 423 1411 506 agitur
1475 421 1556 486 de
1620 423 1958 509 episcopie,
2024 422 2136 509 qui
2197 444 2343 485 cum
2409 425 2574 488 duce
2633 425 2893 488 evocati

655 509 831 571 fuere
890 516 953 571 et
1010 504 1389 571 distulerunt
1444 507 1682 588 venire,
1738 506 1818 571 de
1870 507 1948 570 iis
2003 507 2195 571 etiam
2295 507 2362 570 ui
2419 508 2890 572 consecrationi

654 591 947 689 Hugonis
992 590 1279 676 episcopi
1320 590 1451 653 iam
1492 587 1776 655 abdicati
1817 588 2031 655 illicite
2088 529 2506 655 interffierunt
2525 603 2567 673 ¹,
2621 590 2732 655 vel
2779 593 2890 677 qui

656 672 737 737 ab
780 697 923 760 1pso
968 673 1153 760 pulso
1196 672 1299 736 vel
1340 683 1488 758 post
1543 674 1843 739 abdicato
1900 682 2119 738 contra
2171 673 2268 738 fas
2310 674 2700 738 videbantur
2741 697 2890 760 pro-

434 782 623 826 ·f01.29
655 760 829 822 moti.
916 759 1321 822 Damnantur
1364 758 1489 820 *ita
1535 768 1652 821 ue⁸
1695 759 1821 821 duo
1864 757 2396 844 pseudoepiscopi
2439 757 2522 821 ab
2561 758 2888 844 Hugonel'

658 841 947 924 ordinati,
1006 839 1353 906 Tetbaldus
1411 841 1497 904 sc'
1527 842 1652 905 icet
1707 849 1771 905 et
1828 841 1962 922 Iv0,
2037 862 2308 926 quorum
2368 843 2546 926 prior
2601 864 2642 906 a
2749 842 2886 907 ulso

656 935 937 990 sacratus
982 935 1078 989 est
1119 923 1651 988 Ambianensium
1695 946 1730 988 e
1778 925 2056 1010 iscopus,
2100 923 2260 989 alter
2284 947 2436 990 vero
2467 925 2550 990 ab
2581 925 2668 990 ab
2717 929 2886 990 icato

657 1006 1105 1074 silletensium.
1189 1008 1548 1072 Damnatus
1577 1018 1642 1073 et
1667 1007 1729 1072 A
1775 1006 2036 1072 elelmus
2063 1007 2506 1073 Laudunensis
2535 1008 2887 1075 aecclesiae

658 1091 981 1174 diaconus,
1054 1116 1093 1157 a
1155 1090 1429 1155 Rodulfo
1494 1114 1611 1156 suo
1676 1093 2023 1178 episcopo⁰
2086 1092 2506 1174 insimulatuS,
2574 1115 2650 1157 eo
2713 1093 2888 1180 quod

657 1176 1038 1242 Tetbaldum
1083 1177 1702 1240 excommunicatum
1746 1177 1814 1240 in
1855 1175 2229 1240 aecclesiam
2273 1176 2650 1242 temerarius
2693 1179 2887 1242 intro-

658 1261 930 1326 duxerit.
1018 1260 1109 1324 Hi
1152 1260 1321 1323 enim
1350 1260 1417 1322 in
1446 1261 1761 1324 anteriore
1791 1260 2014 1324 sinodo
2046 1282 2191 1324 cum
2221 1259 2384 1324 duce
2411 1261 2541 1324 iam
2573 1263 2834 1325 evocati
2844 1262 2887 1344 ⁴¹,

659 1345 1020 1410 satisfacere
1075 1343 1632 1428 contempnebant.
1726 1342 2010 1408 Vocatur
2063 1365 2216 1409 vero
2271 1342 2685 1430 Hildegarius
2741 1344 2888 1410 Bel-

658 1430 1027 1494 vacensium
1071 1428 1411 1513 episcopus
1456 1427 1675 1491 domni
1704 1427 1936 1491 Marini
1978 1437 2041 1492 et
2070 1451 2104 1492 e
2152 1429 2515 1514 iscoporum
2545 1427 2606 1491 le
2651 1430 2888 1510 atione,

656 1523 729 1577 ut
770 1522 880 1576 aut
923 1511 1007 1575 ad
1050 1533 1158 1575 eos
1199 1512 1431 1591 veniat,
1475 1521 1586 1575 aut
1622 1510 1837 1575 sedem
1867 1522 2090 1596 aposto
2119 1513 2282 1576 ‘cam
2311 1533 2430 1597 pro
2460 1533 2575 1576 suo
2629 1513 2888 1578 acinore

656 1596 1144 1659 ratiocinaturus
1201 1602 1394 1678 petat,
1462 1615 1538 1658 eo
1604 1594 1778 1679 quod
1841 1595 2192 1660 interfuerit
2251 1596 2632 1660 ordinationi
2689 1618 2890 1682 supra

659 1681 787 1742 iam
848 1677 1165 1742 dictorum
1220 1675 1938 1763 pseudoepiscoporum.
2037 1679 2322 1744 Vocatur
2376 1689 2440 1742 et
2481 1678 2887 1762 Heribertus,

658 1760 984 1826 Heriberti
1024 1763 1259 1825 tiranni
1300 1759 1486 1844 filius,
1534 1761 1614 1825 ob
1658 1761 1827 1825 mala
1867 1783 2030 1846 quae
2072 1760 2396 1827 aecclesiis
2425 1761 2528 1827 vel
2561 1764 2888 1850 episcopis

659 1846 1020 1909 immaniter
1088 1843 1417 1908 inferebat.
1526 1845 1723 1911 Wido
1786 1867 1940 1910 vero
2009 1847 2454 1911 Suessionicus
2519 1849 2888 1934 episcopuS,

656 1951 803 1992 cum
846 1951 885 1992 a
926 1928 1217 2014 plurimis
1258 1927 1663 2010 laceraretur,
1719 1951 1792 1993 eo
1853 1930 2023 2014 quod
2080 1932 2217 2014 ipse
2258 1930 2707 1996 Heribertum⁶
2752 1954 2792 1994 e
2843 1933 2889 1995 i-

658 2035 920 2097 scopum
982 2021 1310 2094 sacrasset,
1367 2013 1434 2075 in
1494 2013 1718 2077 sinodo
1776 2034 1957 2076 reum
2016 2035 2152 2078 sese
2212 2013 2520 2079 confitens
2580 2024 2642 2078 et
2683 2037 2748 2076 m
2825 2025 2890 2080 ta

657 2098 1005 2183 penitentia
1059 2105 1305 2160 reatum
1361 2095 1720 2181 deploranS,
1775 2096 2312 2162 intercedentibus
2370 2097 2543 2184 apud
2587 2099 2888 2163 sinodum

656 2178 923 2245 Artoldo
954 2190 1145 2265 atque
1173 2178 1481 2244 Rotberto
1511 2179 2032 2265 archiepiscopis,
2077 2180 2322 2247 absolvi
2351 2181 2435 2245 ab
2467 2183 2558 2247 eis
2588 2181 2886 2248 obtinuit.

660 2265 1007 2329 Wicfridus
1069 2285 1320 2361 quoque
1385 2264 1767 2327 Morinensis
1827 2266 2193 2351 episcopus,
2254 2267 2364 2351 qui
2426 2267 2888 2332 criminabatur

656 2347 1035 2429 interfuisse,
1077 2349 1377 2411 immunis
1422 2371 1461 2410 a
1504 2349 1769 2411 crimine
1813 2349 2142 2434 reperitur.
2228 2349 2433 2414 Affuit
2467 2372 2620 2414 vero
2652 2350 2885 2415 Trans-

656 2432 814 2496 mari
857 2431 1304 2496 Noviomensis
1347 2432 1566 2517 episco
1618 2433 1640 2493 i
1682 2430 1930 2516 legatus
1976 2431 2320 2497 Silvester²
2365 2435 2702 2519 presbiter,
2747 2437 2884 2521 epi-

657 2538 921 2601 scopum
978 2537 1166 2578 suum
1218 2523 1395 2578 tanta
1448 2516 1515 2578 vi
1591 2514 1839 2579 ebrium
1897 2515 2220 2581 detentum
2283 2539 2600 2599 asserenS,
2667 2528 2739 2583 ut
2805 2517 2887 2582 ad

661 2599 953 2662 sinodum
996 2599 1214 2662 venire
1257 2598 1635 2682 nequiverit,
1682 2598 1852 2683 quod
1914 2600 2105 2662 etiam
2159 2600 2227 2664 in
2284 2611 2634 2686 conspectu
2677 2601 2887 2666 sinodi

656 2681 925 2747 testibus
967 2680 1368 2767 approbavit.
1454 2682 1610 2744 Post
1652 2679 1810 2745 haec
1826 2681 1848 2724 f
1895 2683 2178 2770 episcopi
2235 2684 2300 2746 in
2345 2705 2464 2749 sua
2506 2683 2887 2752 referuntur.

657 2766 951 2828 Domnus
994 2785 1144 2827 vero
1187 2764 1491 2846 Marinus,
1536 2763 1618 2827 ab
1667 2763 1900 2830 Ottone
1951 2788 2102 2851 rege
2159 2790 2276 2852 per
2316 2765 2558 2854 legatos
2601 2791 2675 2833 ro
2726 2779 2888 2852 atus,

660 2852 726 2912 in
797 2856 1012 2933 partes
1080 2846 1465 2912 Germaniae
1524 2847 1763 2912 secedit
1824 2849 2043 2935 ibique
2105 2849 2478 2915 aecclesiam
2541 2851 2672 2916 Vul
2721 2855 2889 2918 ensis

658 2931 1021 2996 monasterii
1081 2929 1349 3013 dedicat,
1413 2941 1513 2995 etg
1555 2931 1764 2996 hieme
1809 2943 2053 3016 exacta,
2098 2935 2367 2998 Romam
2432 2935 2614 3000 redit.
2719 2937 2844 3002 His
2861 2939 2888 2980 ¹¹

662 3014 966 3162 expletiS,
1038 3013 1350 3079 Rodulfus
1404 3014 1851 3080 Laudunensis
1910 3019 2248 3104 episcopus
2315 3019 2535 3084 ultimo
2598 3042 2712 3085 cor
2761 3023 2888 3085 oris

661 3099 743 3163 do
770 3120 878 3163 ore
922 3097 1262 3179 confectuS,
1320 3099 1465 3162 haci
1508 3101 1640 3164 vita
1698 3099 1967 3164 decedit.
2057 3100 2360 3166 Succedit
2396 3103 2454 3166 ei
2495 3126 2650 3168 vero
2725 3116 2891 3170 rater

659 3184 826 3270 regis
872 3205 955 3247 ex
998 3181 1358 3246 concubina
1399 3183 1654 3264 Rorico,
1701 3185 1875 3247 omni
1918 3206 2134 3248 rerum
2177 3186 2442 3250 scientia
2483 3185 2760 3253 inclitus

962 3312 1062 3376 83.
1127 3310 1271 3375 Rex
1314 3312 1603 3376 cohortes
1646 3312 2007 3377 Mosomum
2049 3314 2240 3379 mittit
2283 3321 2346 3378 et
2389 3315 2579 3400 capit.

822 3414 1179 3478 Intereak·³
1225 3415 1512 3478 exercitu
1556 3435 1640 3476 ex
1684 3415 1856 3478 omni
1898 3414 2164 3498 Belgica
2192 3414 2353 3479 duce
2386 3414 2686 3481 Conrado
2717 3417 2892 3502 apud

656 3520 872 3583 regem
931 3495 1213 3578 collecto,
1268 3507 1395 3562 tres
1441 3496 1726 3562 cohortes
1786 3501 1973 3583 rege¹
2025 3498 2283 3563 iubente
2338 3498 2708 3564 Mosomum
2752 3502 2892 3564 mit-

658 3590 892 3645 tuntur.
1006 3580 1423 3667 Compererat
1484 3583 1721 3646 etenim
1793 3582 2137 3666 Hugonem
2212 3582 2582 3648 abdicatum
2649 3583 2892 3648 ibidem

658 3662 996 3745 reclusum,
1026 3662 1351 3750 multaque
1379 3666 1472 3728 rei
1500 3663 1792 3730 militaris
1821 3667 2043 3751 inopia
2073 3688 2219 3732 eum
2245 3665 2488 3731 haberi.
2579 3667 2892 3733 Cohortes

777 3805 823 3859 a)
856 3808 944 3848 alio
969 3809 1110 3858 pergit
1140 3814 1381 3849 atramento
1412 3814 1451 3849 ee
1480 3809 1572 3849 alia
1602 3815 1652 3849 ut
1682 3810 1848 3850 videtur
1878 3821 2012 3851 manu
2045 3809 2323 3865 (auctoris‘ae’).
2455 3810 2506 3864 b)
2539 3813 2676 3864 pulso
2708 3814 2786 3854 vel
2817 3813 2892 3853 ab·

660 3868 811 3908 dicato
860 3867 962 3906 add.
1014 3868 1055 3905 1.
1208 3865 1249 3918 c)
1294 3869 1417 3919 apud
1460 3869 1678 3909 sinodum
1722 3869 1822 3911 aad.
1871 3872 1915 3910 1.
2063 3867 2110 3921 d)
2159 3881 2200 3912 e.
2247 3871 2431 3912 fuerant
2479 3872 2521 3913 1.
2677 3869 2722 3923 e)
2770 3872 2826 3912 Η.
2856 3883 2893 3911 e.

659 3925 697 3978 f)
730 3927 882 3975 Atque
913 3925 982 3966 his
1015 3927 1156 3973 gestis
1191 3927 1228 3966 1.
1381 3924 1428 3978 g)
1462 3930 1509 3967 et
1540 3929 1760 3976 posthaec
1793 3930 1830 3968 1.
1978 3924 2027 3978 h)
2061 3928 2240 3969 Interea
2272 3929 2326 3970 R.
2363 3932 2406 3970 1.
2564 3927 2599 3981 i)
2636 3931 2695 3971 ab
2729 3931 2818 3972 hae
2850 3932 2892 3970 1.

658 3983 707 4036 k)
743 3985 919 4032 Quibus
952 3985 1096 4034 gestis
1126 3986 1358 4026 exer-enus
1391 4005 1444 4016 -
1478 3987 1658 4035 colligit
1691 3988 1730 4025 1.
1852 3985 1888 4038 1)
1922 3997 1964 4028 a.
1997 3997 2035 4030 r.
2071 3990 2108 4029 1.

812 4079 867 4145 1)
906 4077 999 4145 qui
1036 4077 1362 4131 ordinationi
1386 4078 1634 4147 Huyom'e
1660 4079 1956 4147 participes
1994 4081 2278 4134 extiterunt
2309 4084 2470 4136 Flod.
2585 4084 2646 4149 2)
2683 4085 2892 4138 Nomen

660 4150 887 4275 ἓὲἑίοἱέἐὲ
892 4153 1189 4274 u1121iaecherus.
1371 4151 1428 4217 3)
1486 4155 1642 4204 Haec
1680 4169 1766 4220 ap.
1804 4154 2165 4208 Flodoardum
2205 4157 2466 4224 synodum
2504 4158 2892 4212 Treverensem
