<?xml version="1.0" encoding="UTF-8"?>
<!DOCTYPE html PUBLIC "-//W3C//DTD XHTML 1.0 Transitional//EN"
    "http://www.w3.org/TR/xhtml1/DTD/xhtml1-transitional.dtd">
<html xmlns="http://www.w3.org/1999/xhtml" xml:lang="en" lang="en">
 <head>
  <title>
</title>
<meta http-equiv="Content-Type" content="text/html;charset=utf-8" />
  <meta name='ocr-system' content='tesseract 3.04.00' />
  <meta name='ocr-capabilities' content='ocr_page ocr_carea ocr_par ocr_line ocrx_word'/>
</head>
<body>
  <div class='ocr_page' id='page_1' title='image "./richerihistoria00unkngoog_0156.png"; bbox 0 0 3059 4834; ppageno 0'>
   <div class='ocr_carea' id='block_1_1' title="bbox 724 191 2473 246">
    <p class='ocr_par' dir='ltr' id='par_1_1' title="bbox 724 191 2473 246">
     <span class='ocr_line' id='line_1_1' title="bbox 724 191 2473 246; baseline 0 -2"><span class='ocrx_word' id='word_1_1' title='bbox 724 191 1032 245; x_wconf 81' lang='lat' dir='ltr'>BIGHERI</span> <span class='ocrx_word' id='word_1_2' title='bbox 1067 192 1569 246; x_wconf 81' lang='lat' dir='ltr'>HISTORIARUM</span> <span class='ocrx_word' id='word_1_3' title='bbox 1605 194 1826 245; x_wconf 82' lang='lat' dir='ltr'>LIBER</span> <span class='ocrx_word' id='word_1_4' title='bbox 1864 194 1999 246; x_wconf 95' lang='lat' dir='ltr'>IIII.</span> <span class='ocrx_word' id='word_1_5' title='bbox 2371 194 2473 244; x_wconf 83' lang='lat'>139</span> 
     </span>
    </p>
   </div>
   <div class='ocr_carea' id='block_1_2' title="bbox 245 359 2619 593">
    <p class='ocr_par' dir='ltr' id='par_1_2' title="bbox 245 359 2619 593">
     <span class='ocr_line' id='line_1_2' title="bbox 245 359 2598 446; baseline -0.022 21"><span class='ocrx_word' id='word_1_6' title='bbox 245 371 502 445; x_wconf 61' lang='lat' dir='ltr'><strong>tempus</strong></span> <span class='ocrx_word' id='word_1_7' title='bbox 559 359 862 425; x_wconf 64' lang='lat' dir='ltr'>reducere</span> <span class='ocrx_word' id='word_1_8' title='bbox 923 359 1241 446; x_wconf 59' lang='lat' dir='ltr'>disposuit</span> <span class='ocrx_word' id='word_1_9' title='bbox 1261 408 1278 442; x_wconf 76' lang='lat'><em>5</em></span> <span class='ocrx_word' id='word_1_10' title='bbox 1344 370 1415 424; x_wconf 80' lang='lat' dir='ltr'>Ut</span> <span class='ocrx_word' id='word_1_11' title='bbox 1468 360 1743 426; x_wconf 88' lang='lat' dir='ltr'>reditum</span> <span class='ocrx_word' id='word_1_12' title='bbox 1798 359 2216 446; x_wconf 84' lang='lat' dir='ltr'>amplioribus</span> <span class='ocrx_word' id='word_1_13' title='bbox 2273 362 2475 446; x_wconf 89' lang='lat' dir='ltr'>copiis</span> <span class='ocrx_word' id='word_1_14' title='bbox 2496 374 2598 417; x_wconf 80' lang='lat' dir='ltr'>sss.</span> 
     </span>
     <span class='ocr_line' id='line_1_3' title="bbox 249 432 2619 593; baseline -0.013 -54"><span class='ocrx_word' id='word_1_15' title='bbox 249 454 402 593; x_wconf 50' lang='grc' dir='ltr'>ἓξὲξ</span> <span class='ocrx_word' id='word_1_16' title='bbox 417 540 436 575; x_wconf 58' lang='lat'><strong>¹</strong></span> <span class='ocrx_word' id='word_1_17' title='bbox 470 452 826 531; x_wconf 68' lang='lat' dir='ltr'>appararet·</span> <span class='ocrx_word' id='word_1_18' title='bbox 941 445 1123 524; x_wconf 70' lang='lat' dir='ltr'>Quae</span> <span class='ocrx_word' id='word_1_19' title='bbox 1211 445 1422 508; x_wconf 79' lang='lat' dir='ltr'>omnia</span> <span class='ocrx_word' id='word_1_20' title='bbox 1505 443 1786 530; x_wconf 83' lang='lat' dir='ltr'>Augusti</span> <span class='ocrx_word' id='word_1_21' title='bbox 1864 455 2151 531; x_wconf 88' lang='lat' dir='ltr'>tempore</span> <span class='ocrx_word' id='word_1_22' title='bbox 2227 454 2477 530; x_wconf 83' lang='lat' dir='ltr'>patrata</span> <span class='ocrx_word' id='word_1_23' title='bbox 2494 432 2619 484; x_wconf 54' lang='grc' dir='ltr'>ΜΕ·</span> 
     </span>
    </p>
   </div>
   <div class='ocr_carea' id='block_1_3' title="bbox 614 629 2119 722">
    <p class='ocr_par' dir='ltr' id='par_1_3' title="bbox 614 629 2119 722">
     <span class='ocr_line' id='line_1_4' title="bbox 614 629 2119 722; baseline 0.001 -23"><span class='ocrx_word' id='word_1_24' title='bbox 614 637 716 700; x_wconf 82' lang='grc'>24.</span> <span class='ocrx_word' id='word_1_25' title='bbox 805 629 1038 701; x_wconf 85' lang='lat' dir='ltr'><strong>Obitus</strong></span> <span class='ocrx_word' id='word_1_26' title='bbox 1080 634 1502 702; x_wconf 84' lang='lat' dir='ltr'>Adalberonis</span> <span class='ocrx_word' id='word_1_27' title='bbox 1518 647 1545 679; x_wconf 74' lang='lat'>¹¹</span> <span class='ocrx_word' id='word_1_28' title='bbox 1586 635 2057 722; x_wconf 88' lang='lat' dir='ltr'>metropolitani</span> <span class='ocrx_word' id='word_1_29' title='bbox 2073 647 2119 701; x_wconf 76' lang='lat'>¹¹.</span> 
     </span>
    </p>
   </div>
   <div class='ocr_carea' id='block_1_4' title="bbox 239 736 2697 2313">
    <p class='ocr_par' dir='ltr' id='par_1_4' title="bbox 241 736 2697 1665">
     <span class='ocr_line' id='line_1_5' title="bbox 418 736 2475 827; baseline 0.001 -26"><span class='ocrx_word' id='word_1_30' title='bbox 418 738 540 803; x_wconf 91' lang='lat' dir='ltr'>His</span> <span class='ocrx_word' id='word_1_31' title='bbox 581 739 672 802; x_wconf 91' lang='lat' dir='ltr'>ita</span> <span class='ocrx_word' id='word_1_32' title='bbox 713 739 909 823; x_wconf 85' lang='lat' dir='ltr'>gestis</span> <span class='ocrx_word' id='word_1_33' title='bbox 951 758 1081 801; x_wconf 91' lang='lat' dir='ltr'>non</span> <span class='ocrx_word' id='word_1_34' title='bbox 1123 736 1320 803; x_wconf 93' lang='lat' dir='ltr'>multo</span> <span class='ocrx_word' id='word_1_35' title='bbox 1374 748 1522 825; x_wconf 90' lang='lat' dir='ltr'>post</span> <span class='ocrx_word' id='word_1_36' title='bbox 1564 736 2087 827; x_wconf 89' lang='lat' dir='ltr'>metropolitanus</span> <span class='ocrx_word' id='word_1_37' title='bbox 2131 740 2198 802; x_wconf 92' lang='lat' dir='ltr'>in</span> <span class='ocrx_word' id='word_1_38' title='bbox 2240 740 2475 825; x_wconf 85' lang='lat' dir='ltr'>egritu-</span> 
     </span>
     <span class='ocr_line' id='line_1_6' title="bbox 247 821 2476 909; baseline 0 -23"><span class='ocrx_word' id='word_1_39' title='bbox 247 822 466 887; x_wconf 81' lang='lat' dir='ltr'><strong>dinem</strong></span> <span class='ocrx_word' id='word_1_40' title='bbox 509 821 828 903; x_wconf 90' lang='lat' dir='ltr'>decidens,</span> <span class='ocrx_word' id='word_1_41' title='bbox 874 843 1038 909; x_wconf 90' lang='lat' dir='ltr'>quae</span> <span class='ocrx_word' id='word_1_42' title='bbox 1081 843 1120 885; x_wconf 93' lang='lat' dir='ltr'>a</span> <span class='ocrx_word' id='word_1_43' title='bbox 1151 821 1374 888; x_wconf 81' lang='lat' dir='ltr'>Grecis</span> <span class='ocrx_word' id='word_1_44' title='bbox 1420 844 1659 887; x_wconf 92' lang='lat' dir='ltr'>causon</span> <span class='ocrx_word' id='word_1_45' title='bbox 1678 833 1721 898; x_wconf 86' lang='lat'>²,</span> <span class='ocrx_word' id='word_1_46' title='bbox 1766 828 1806 885; x_wconf 77' lang='lat' dir='ltr'>a</span> <span class='ocrx_word' id='word_1_47' title='bbox 1832 822 2078 886; x_wconf 87' lang='lat' dir='ltr'>Latinis</span> <span class='ocrx_word' id='word_1_48' title='bbox 2110 823 2476 887; x_wconf 84' lang='lat' dir='ltr'>incendium</span> 
     </span>
     <span class='ocr_line' id='line_1_7' title="bbox 243 903 2474 991; baseline 0.001 -22"><span class='ocrx_word' id='word_1_49' title='bbox 243 906 502 988; x_wconf 88' lang='lat' dir='ltr'>dicitur,</span> <span class='ocrx_word' id='word_1_50' title='bbox 530 927 645 991; x_wconf 92' lang='lat' dir='ltr'>per</span> <span class='ocrx_word' id='word_1_51' title='bbox 673 903 730 969; x_wconf 91' lang='lat' dir='ltr'>le</span> <span class='ocrx_word' id='word_1_52' title='bbox 779 916 916 970; x_wconf 88' lang='lat' dir='ltr'>atos</span> <span class='ocrx_word' id='word_1_53' title='bbox 938 907 1076 991; x_wconf 87' lang='lat' dir='ltr'>regi</span> <span class='ocrx_word' id='word_1_54' title='bbox 1103 915 1255 969; x_wconf 91' lang='lat' dir='ltr'>tunc</span> <span class='ocrx_word' id='word_1_55' title='bbox 1275 907 1502 970; x_wconf 86' lang='lat' dir='ltr'>Parisii</span> <span class='ocrx_word' id='word_1_56' title='bbox 1533 907 1953 970; x_wconf 84' lang='lat' dir='ltr'>commoranti</span> <span class='ocrx_word' id='word_1_57' title='bbox 1979 907 2304 990; x_wconf 85' lang='lat' dir='ltr'>indicavit,</span> <span class='ocrx_word' id='word_1_58' title='bbox 2336 929 2474 972; x_wconf 89' lang='lat' dir='ltr'>sese</span> 
     </span>
     <span class='ocr_line' id='line_1_8' title="bbox 245 989 2473 1074; baseline 0.002 -23"><span class='ocrx_word' id='word_1_59' title='bbox 245 989 317 1052; x_wconf 92' lang='lat' dir='ltr'>in</span> <span class='ocrx_word' id='word_1_60' title='bbox 358 1011 620 1074; x_wconf 86' lang='lat' dir='ltr'>gravem</span> <span class='ocrx_word' id='word_1_61' title='bbox 661 1014 702 1053; x_wconf 86' lang='lat' dir='ltr'>v</span> <span class='ocrx_word' id='word_1_62' title='bbox 767 989 1075 1054; x_wconf 88' lang='lat' dir='ltr'>itudinem</span> <span class='ocrx_word' id='word_1_63' title='bbox 1119 989 1462 1073; x_wconf 82' lang='lat' dir='ltr'>decidisse3</span> <span class='ocrx_word' id='word_1_64' title='bbox 1505 990 1673 1055; x_wconf 92' lang='lat' dir='ltr'>unde</span> <span class='ocrx_word' id='word_1_65' title='bbox 1702 999 1768 1055; x_wconf 93' lang='lat' dir='ltr'>et</span> <span class='ocrx_word' id='word_1_66' title='bbox 1795 991 1854 1055; x_wconf 91' lang='lat' dir='ltr'>ei</span> <span class='ocrx_word' id='word_1_67' title='bbox 1881 990 2349 1073; x_wconf 86' lang='lat' dir='ltr'>maturandum,</span> <span class='ocrx_word' id='word_1_68' title='bbox 2392 1014 2473 1056; x_wconf 88' lang='lat' dir='ltr'>ne</span> 
     </span>
     <span class='ocr_line' id='line_1_9' title="bbox 243 1071 2473 1160; baseline 0.001 -23"><span class='ocrx_word' id='word_1_69' title='bbox 243 1071 525 1137; x_wconf 86' lang='lat' dir='ltr'>Karolus</span> <span class='ocrx_word' id='word_1_70' title='bbox 570 1074 680 1160; x_wconf 90' lang='lat' dir='ltr'>qui</span> <span class='ocrx_word' id='word_1_71' title='bbox 737 1083 951 1139; x_wconf 89' lang='lat' dir='ltr'>cetera</span> <span class='ocrx_word' id='word_1_72' title='bbox 991 1074 1225 1139; x_wconf 86' lang='lat' dir='ltr'>Remos</span> <span class='ocrx_word' id='word_1_73' title='bbox 1243 1075 1270 1117; x_wconf 62' lang='grc' dir='ltr'>ὓ</span> <span class='ocrx_word' id='word_1_74' title='bbox 1326 1075 1518 1139; x_wconf 90' lang='lat' dir='ltr'>etiam</span> <span class='ocrx_word' id='word_1_75' title='bbox 1574 1072 1969 1160; x_wconf 88' lang='lat' dir='ltr'>pervaderet.</span> <span class='ocrx_word' id='word_1_76' title='bbox 2054 1075 2199 1140; x_wconf 81' lang='lat' dir='ltr'>Rex</span> <span class='ocrx_word' id='word_1_77' title='bbox 2251 1071 2473 1141; x_wconf 87' lang='lat' dir='ltr'>accitis</span> 
     </span>
     <span class='ocr_line' id='line_1_10' title="bbox 243 1157 2477 1245; baseline 0.001 -25"><span class='ocrx_word' id='word_1_78' title='bbox 243 1158 359 1243; x_wconf 93' lang='lat' dir='ltr'>qui</span> <span class='ocrx_word' id='word_1_79' title='bbox 401 1157 682 1240; x_wconf 88' lang='lat' dir='ltr'>aderant,</span> <span class='ocrx_word' id='word_1_80' title='bbox 731 1179 885 1222; x_wconf 81' lang='lat' dir='ltr'>mox</span> <span class='ocrx_word' id='word_1_81' title='bbox 925 1160 1018 1222; x_wconf 92' lang='lat' dir='ltr'>ire</span> <span class='ocrx_word' id='word_1_82' title='bbox 1061 1157 1394 1244; x_wconf 83' lang='lat' dir='ltr'>disposuit.</span> <span class='ocrx_word' id='word_1_83' title='bbox 1460 1159 1606 1239; x_wconf 81' lang='lat' dir='ltr'>Quo</span> <span class='ocrx_word' id='word_1_84' title='bbox 1646 1159 1715 1221; x_wconf 89' lang='lat' dir='ltr'>in</span> <span class='ocrx_word' id='word_1_85' title='bbox 1755 1159 1978 1224; x_wconf 87' lang='lat' dir='ltr'>itinere</span> <span class='ocrx_word' id='word_1_86' title='bbox 2021 1158 2477 1245; x_wconf 85' lang='lat' dir='ltr'>aliquantisper</span> 
     </span>
     <span class='ocr_line' id='line_1_11' title="bbox 245 1239 2473 1328; baseline 0.001 -23"><span class='ocrx_word' id='word_1_87' title='bbox 245 1239 558 1323; x_wconf 88' lang='lat' dir='ltr'>tardante,</span> <span class='ocrx_word' id='word_1_88' title='bbox 603 1263 750 1305; x_wconf 88' lang='lat' dir='ltr'>cum</span> <span class='ocrx_word' id='word_1_89' title='bbox 786 1240 1307 1328; x_wconf 90' lang='lat' dir='ltr'>metropolitanus</span> <span class='ocrx_word' id='word_1_90' title='bbox 1336 1244 1780 1307; x_wconf 84' lang='lat' dir='ltr'>insomnietate</span> <span class='ocrx_word' id='word_1_91' title='bbox 1810 1241 2122 1328; x_wconf 91' lang='lat' dir='ltr'>simulque</span> <span class='ocrx_word' id='word_1_92' title='bbox 2153 1252 2213 1308; x_wconf 84' lang='lat' dir='ltr'>et</span> <span class='ocrx_word' id='word_1_93' title='bbox 2242 1245 2473 1307; x_wconf 90' lang='lat' dir='ltr'>mentis</span> 
     </span>
     <span class='ocr_line' id='line_1_12' title="bbox 241 1323 2473 1412; baseline 0.002 -24"><span class='ocrx_word' id='word_1_94' title='bbox 241 1323 623 1390; x_wconf 81' lang='lat' dir='ltr'>alienatione</span> <span class='ocrx_word' id='word_1_95' title='bbox 665 1327 930 1389; x_wconf 88' lang='lat' dir='ltr'>nimium</span> <span class='ocrx_word' id='word_1_96' title='bbox 971 1335 1330 1409; x_wconf 82' lang='lat' dir='ltr'>vexaretur,</span> <span class='ocrx_word' id='word_1_97' title='bbox 1377 1324 1673 1412; x_wconf 91' lang='lat' dir='ltr'>nullaque</span> <span class='ocrx_word' id='word_1_98' title='bbox 1718 1327 1864 1389; x_wconf 90' lang='lat' dir='ltr'>crisi</span> <span class='ocrx_word' id='word_1_99' title='bbox 1911 1348 2130 1391; x_wconf 91' lang='lat' dir='ltr'>omnes</span> <span class='ocrx_word' id='word_1_100' title='bbox 2175 1327 2311 1391; x_wconf 90' lang='lat' dir='ltr'>dies</span> <span class='ocrx_word' id='word_1_101' title='bbox 2341 1348 2473 1393; x_wconf 85' lang='lat' dir='ltr'>cre-</span> 
     </span>
     <span class='ocr_line' id='line_1_13' title="bbox 242 1408 2471 1495; baseline 0.002 -24"><span class='ocrx_word' id='word_1_102' title='bbox 242 1409 404 1473; x_wconf 88' lang='lat' dir='ltr'>ticos</span> <span class='ocrx_word' id='word_1_103' title='bbox 431 1408 584 1473; x_wconf 88' lang='lat' dir='ltr'>huic</span> <span class='ocrx_word' id='word_1_104' title='bbox 619 1410 959 1495; x_wconf 81' lang='lat' dir='ltr'>egritudini</span> <span class='ocrx_word' id='word_1_105' title='bbox 989 1410 1356 1474; x_wconf 88' lang='lat' dir='ltr'>commodos</span> <span class='ocrx_word' id='word_1_106' title='bbox 1386 1410 1736 1495; x_wconf 85' lang='lat' dir='ltr'>preteriret,</span> <span class='ocrx_word' id='word_1_107' title='bbox 1769 1409 2091 1476; x_wconf 89' lang='lat' dir='ltr'>dissolutis</span> <span class='ocrx_word' id='word_1_108' title='bbox 2123 1410 2471 1493; x_wconf 88' lang='lat' dir='ltr'>elementis,</span> 
     </span>
     <span class='ocr_line' id='line_1_14' title="bbox 244 1490 2619 1575; baseline 0.002 -20"><span class='ocrx_word' id='word_1_109' title='bbox 244 1490 533 1557; x_wconf 86' lang='lat' dir='ltr'>debitum</span> <span class='ocrx_word' id='word_1_110' title='bbox 576 1492 984 1558; x_wconf 89' lang='lat' dir='ltr'>humanitatis</span> <span class='ocrx_word' id='word_1_111' title='bbox 1030 1494 1128 1557; x_wconf 87' lang='lat'>10.</span> <span class='ocrx_word' id='word_1_112' title='bbox 1170 1492 1315 1557; x_wconf 86' lang='lat' dir='ltr'>Kal.</span> <span class='ocrx_word' id='word_1_113' title='bbox 1359 1494 1548 1559; x_wconf 87' lang='lat' dir='ltr'>Febr.</span> <span class='ocrx_word' id='word_1_114' title='bbox 1602 1493 1875 1558; x_wconf 82' lang='lat' dir='ltr'>exsolvit</span> <span class='ocrx_word' id='word_1_115' title='bbox 1891 1504 1934 1557; x_wconf 83' lang='lat'>⁸.</span> <span class='ocrx_word' id='word_1_116' title='bbox 2024 1495 2170 1575; x_wconf 77' lang='lat' dir='ltr'>Qua</span> <span class='ocrx_word' id='word_1_117' title='bbox 2213 1494 2316 1559; x_wconf 91' lang='lat' dir='ltr'>die</span> <span class='ocrx_word' id='word_1_118' title='bbox 2358 1517 2476 1560; x_wconf 84' lang='lat' dir='ltr'>rex</span> <span class='ocrx_word' id='word_1_119' title='bbox 2494 1524 2581 1568; x_wconf 76' lang='lat'>989</span> <span class='ocrx_word' id='word_1_120' title='bbox 2598 1524 2619 1565; x_wconf 65' lang='lat'><em>2</em></span> 
     </span>
     <span class='ocr_line' id='line_1_15' title="bbox 245 1576 2697 1665; baseline 0.001 -24"><span class='ocrx_word' id='word_1_121' title='bbox 245 1578 659 1662; x_wconf 85' lang='lat' dir='ltr'>tempestivus</span> <span class='ocrx_word' id='word_1_122' title='bbox 701 1577 1064 1660; x_wconf 88' lang='lat' dir='ltr'>adveniens,</span> <span class='ocrx_word' id='word_1_123' title='bbox 1108 1576 1266 1642; x_wconf 89' lang='lat' dir='ltr'>urbe</span> <span class='ocrx_word' id='word_1_124' title='bbox 1307 1587 1604 1664; x_wconf 89' lang='lat' dir='ltr'>receptus</span> <span class='ocrx_word' id='word_1_125' title='bbox 1650 1587 1765 1641; x_wconf 89' lang='lat' dir='ltr'>est.</span> <span class='ocrx_word' id='word_1_126' title='bbox 1827 1577 1905 1641; x_wconf 89' lang='lat' dir='ltr'>In</span> <span class='ocrx_word' id='word_1_127' title='bbox 1934 1580 2252 1665; x_wconf 84' lang='lat' dir='ltr'>exsequiis</span> <span class='ocrx_word' id='word_1_128' title='bbox 2282 1579 2475 1643; x_wconf 88' lang='lat' dir='ltr'>etiam</span> <span class='ocrx_word' id='word_1_129' title='bbox 2491 1586 2593 1627; x_wconf 70' lang='lat'>1⁸¹¹·</span> <span class='ocrx_word' id='word_1_130' title='bbox 2625 1584 2697 1628; x_wconf 75' lang='lat'>²³·</span> 
     </span>
    </p>

    <p class='ocr_par' dir='ltr' id='par_1_5' title="bbox 239 1658 2473 2313">
     <span class='ocr_line' id='line_1_16' title="bbox 295 1658 2473 1728; baseline 0.001 -4"><span class='ocrx_word' id='word_1_131' title='bbox 295 1661 561 1726; x_wconf 88' lang='lat' dir='ltr'>ontificis</span> <span class='ocrx_word' id='word_1_132' title='bbox 663 1658 931 1725; x_wconf 75' lang='lat' dir='ltr'>lurimac</span> <span class='ocrx_word' id='word_1_133' title='bbox 983 1662 1532 1727; x_wconf 88' lang='lat' dir='ltr'>commiseratione</span> <span class='ocrx_word' id='word_1_134' title='bbox 1576 1660 1917 1725; x_wconf 87' lang='lat' dir='ltr'>condoluit.</span> <span class='ocrx_word' id='word_1_135' title='bbox 1988 1662 2123 1727; x_wconf 89' lang='lat' dir='ltr'>Nec</span> <span class='ocrx_word' id='word_1_136' title='bbox 2153 1663 2473 1728; x_wconf 82' lang='lat' dir='ltr'>vero&#39;sine</span> 
     </span>
     <span class='ocr_line' id='line_1_17' title="bbox 268 1743 2473 1833; baseline 0.001 -25"><span class='ocrx_word' id='word_1_137' title='bbox 268 1746 518 1809; x_wconf 89' lang='lat' dir='ltr'>acrimis</span> <span class='ocrx_word' id='word_1_138' title='bbox 573 1766 614 1809; x_wconf 90' lang='lat' dir='ltr'>a</span> <span class='ocrx_word' id='word_1_139' title='bbox 639 1746 814 1831; x_wconf 85' lang='lat' dir='ltr'>&#39;quot</span> <span class='ocrx_word' id='word_1_140' title='bbox 857 1743 936 1809; x_wconf 93' lang='lat' dir='ltr'>de</span> <span class='ocrx_word' id='word_1_141' title='bbox 980 1766 1054 1810; x_wconf 93' lang='lat' dir='ltr'>eo</span> <span class='ocrx_word' id='word_1_142' title='bbox 1100 1746 1528 1832; x_wconf 90' lang='lat' dir='ltr'>querimonias</span> <span class='ocrx_word' id='word_1_143' title='bbox 1581 1744 1821 1813; x_wconf 90' lang='lat' dir='ltr'>habuit.</span> <span class='ocrx_word' id='word_1_144' title='bbox 1910 1744 2162 1831; x_wconf 81' lang='lat' dir='ltr'>Corpus</span> <span class='ocrx_word' id='word_1_145' title='bbox 2221 1768 2473 1833; x_wconf 91' lang='lat' dir='ltr'>quoque</span> 
     </span>
     <span class='ocr_line' id='line_1_18' title="bbox 245 1826 2471 1914; baseline 0.002 -23"><span class='ocrx_word' id='word_1_146' title='bbox 245 1826 444 1892; x_wconf 88' lang='lat' dir='ltr'>multo</span> <span class='ocrx_word' id='word_1_147' title='bbox 515 1828 753 1893; x_wconf 91' lang='lat' dir='ltr'>honore</span> <span class='ocrx_word' id='word_1_148' title='bbox 817 1827 1176 1914; x_wconf 89' lang='lat' dir='ltr'>sepulturae</span> <span class='ocrx_word' id='word_1_149' title='bbox 1240 1828 1433 1893; x_wconf 86' lang='lat' dir='ltr'>dedit.</span> <span class='ocrx_word' id='word_1_150' title='bbox 1561 1828 1752 1893; x_wconf 85' lang='lat' dir='ltr'>Cives</span> <span class='ocrx_word' id='word_1_151' title='bbox 1818 1827 2075 1893; x_wconf 90' lang='lat' dir='ltr'>domino</span> <span class='ocrx_word' id='word_1_152' title='bbox 2140 1831 2471 1896; x_wconf 88' lang='lat' dir='ltr'>destitutos</span> 
     </span>
     <span class='ocr_line' id='line_1_19' title="bbox 243 1909 2473 1997; baseline 0 -22"><span class='ocrx_word' id='word_1_153' title='bbox 243 1914 408 1975; x_wconf 89' lang='lat' dir='ltr'>mira</span> <span class='ocrx_word' id='word_1_154' title='bbox 448 1913 868 1978; x_wconf 87' lang='lat' dir='ltr'>benivolentia</span> <span class='ocrx_word' id='word_1_155' title='bbox 909 1910 1146 1976; x_wconf 89' lang='lat' dir='ltr'>solatus</span> <span class='ocrx_word' id='word_1_156' title='bbox 1190 1922 1304 1977; x_wconf 90' lang='lat' dir='ltr'>est.</span> <span class='ocrx_word' id='word_1_157' title='bbox 1370 1912 1498 1993; x_wconf 80' lang='lat' dir='ltr'>Qui</span> <span class='ocrx_word' id='word_1_158' title='bbox 1545 1910 1624 1977; x_wconf 94' lang='lat' dir='ltr'>de</span> <span class='ocrx_word' id='word_1_159' title='bbox 1667 1909 1968 1976; x_wconf 90' lang='lat' dir='ltr'>fidelitate</span> <span class='ocrx_word' id='word_1_160' title='bbox 1995 1915 2131 1997; x_wconf 86' lang='lat' dir='ltr'>regi</span> <span class='ocrx_word' id='word_1_161' title='bbox 2160 1913 2473 1979; x_wconf 86' lang='lat' dir='ltr'>servanda</span> 
     </span>
     <span class='ocr_line' id='line_1_20' title="bbox 245 1995 2471 2082; baseline 0.001 -23"><span class='ocrx_word' id='word_1_162' title='bbox 245 2005 310 2059; x_wconf 90' lang='lat' dir='ltr'>et</span> <span class='ocrx_word' id='word_1_163' title='bbox 351 1995 508 2061; x_wconf 92' lang='lat' dir='ltr'>urbe</span> <span class='ocrx_word' id='word_1_164' title='bbox 536 1995 772 2061; x_wconf 91' lang='lat' dir='ltr'>tuenda</span> <span class='ocrx_word' id='word_1_165' title='bbox 805 1996 1193 2081; x_wconf 87' lang='lat' dir='ltr'>interrogati,</span> <span class='ocrx_word' id='word_1_166' title='bbox 1229 1995 1423 2060; x_wconf 90' lang='lat' dir='ltr'>fidem</span> <span class='ocrx_word' id='word_1_167' title='bbox 1450 1996 1680 2076; x_wconf 90' lang='lat' dir='ltr'>iurant,</span> <span class='ocrx_word' id='word_1_168' title='bbox 1724 1995 1903 2060; x_wconf 90' lang='lat' dir='ltr'>urbis</span> <span class='ocrx_word' id='word_1_169' title='bbox 1932 1996 2262 2060; x_wconf 87' lang='lat' dir='ltr'>tuitionem</span> <span class='ocrx_word' id='word_1_170' title='bbox 2292 1995 2471 2082; x_wconf 90' lang='lat' dir='ltr'>polli-</span> 
     </span>
     <span class='ocr_line' id='line_1_21' title="bbox 241 2077 2471 2166; baseline 0 -23"><span class='ocrx_word' id='word_1_171' title='bbox 241 2088 483 2145; x_wconf 88' lang='lat' dir='ltr'>centur.</span> <span class='ocrx_word' id='word_1_172' title='bbox 555 2078 805 2161; x_wconf 80' lang='lat' dir='ltr'>Quibus</span> <span class='ocrx_word' id='word_1_173' title='bbox 849 2089 1244 2153; x_wconf 80' lang='lat' dir='ltr'>sacramento</span> <span class='ocrx_word' id='word_1_174' title='bbox 1287 2080 1580 2162; x_wconf 86' lang='lat' dir='ltr'>astrictis,</span> <span class='ocrx_word' id='word_1_175' title='bbox 1626 2080 1845 2166; x_wconf 89' lang='lat' dir='ltr'>eisque</span> <span class='ocrx_word' id='word_1_176' title='bbox 1872 2077 2161 2145; x_wconf 87' lang='lat' dir='ltr'>libertate</span> <span class='ocrx_word' id='word_1_177' title='bbox 2192 2078 2471 2165; x_wconf 84' lang='lat' dir='ltr'>eligendi</span> 
     </span>
     <span class='ocr_line' id='line_1_22' title="bbox 243 2161 2469 2251; baseline 0.001 -24"><span class='ocrx_word' id='word_1_178' title='bbox 243 2163 486 2227; x_wconf 87' lang='lat' dir='ltr'>domini</span> <span class='ocrx_word' id='word_1_179' title='bbox 543 2186 732 2251; x_wconf 89' lang='lat' dir='ltr'>quem</span> <span class='ocrx_word' id='word_1_180' title='bbox 788 2162 1022 2230; x_wconf 85' lang='lat' dir='ltr'>vellent</span> <span class='ocrx_word' id='word_1_181' title='bbox 1061 2164 1143 2227; x_wconf 91' lang='lat' dir='ltr'>ab</span> <span class='ocrx_word' id='word_1_182' title='bbox 1186 2185 1337 2249; x_wconf 87' lang='lat' dir='ltr'>rege</span> <span class='ocrx_word' id='word_1_183' title='bbox 1381 2184 1700 2247; x_wconf 87' lang='lat' dir='ltr'>concessa,</span> <span class='ocrx_word' id='word_1_184' title='bbox 1758 2184 1879 2227; x_wconf 80' lang='lat' dir='ltr'>rex</span> <span class='ocrx_word' id='word_1_185' title='bbox 1928 2161 2009 2226; x_wconf 91' lang='lat' dir='ltr'>ab</span> <span class='ocrx_word' id='word_1_186' title='bbox 2054 2165 2146 2229; x_wconf 91' lang='lat' dir='ltr'>eis</span> <span class='ocrx_word' id='word_1_187' title='bbox 2192 2164 2469 2229; x_wconf 85' lang='lat' dir='ltr'>dimotus</span> 
     </span>
     <span class='ocr_line' id='line_1_23' title="bbox 239 2248 1761 2313; baseline 0.002 -2"><span class='ocrx_word' id='word_1_188' title='bbox 239 2248 557 2313; x_wconf 89' lang='lat' dir='ltr'>Parisium</span> <span class='ocrx_word' id='word_1_189' title='bbox 601 2248 871 2313; x_wconf 86' lang='lat' dir='ltr'>devenit.</span> <span class='ocrx_word' id='word_1_190' title='bbox 1754 2272 1761 2279; x_wconf 88' lang='lat'><strong>·</strong></span> 
     </span>
    </p>
   </div>
   <div class='ocr_carea' id='block_1_5' title="bbox 424 2366 2287 2453">
    <p class='ocr_par' dir='ltr' id='par_1_6' title="bbox 424 2366 2287 2453">
     <span class='ocr_line' id='line_1_24' title="bbox 424 2366 2287 2453; baseline 0.001 -22"><span class='ocrx_word' id='word_1_191' title='bbox 424 2368 524 2433; x_wconf 81' lang='lat'>25.</span> <span class='ocrx_word' id='word_1_192' title='bbox 614 2366 949 2448; x_wconf 80' lang='lat' dir='ltr'>Quomodo</span> <span class='ocrx_word' id='word_1_193' title='bbox 992 2366 1300 2431; x_wconf 90' lang='lat' dir='ltr'>Arnulfus</span> <span class='ocrx_word' id='word_1_194' title='bbox 1317 2368 1345 2409; x_wconf 76' lang='lat'>‘¹</span> <span class='ocrx_word' id='word_1_195' title='bbox 1385 2366 2045 2452; x_wconf 78' lang='lat' dir='ltr'>archiepiscopatumd</span> <span class='ocrx_word' id='word_1_196' title='bbox 2085 2367 2287 2453; x_wconf 87' lang='lat' dir='ltr'>petiit.</span> 
     </span>
    </p>
   </div>
   <div class='ocr_carea' id='block_1_6' title="bbox 237 2468 2471 2809">
    <p class='ocr_par' dir='ltr' id='par_1_7' title="bbox 237 2468 2471 2809">
     <span class='ocr_line' id='line_1_25' title="bbox 407 2468 2469 2535; baseline -0.001 0"><span class='ocrx_word' id='word_1_197' title='bbox 407 2468 541 2535; x_wconf 92' lang='lat' dir='ltr'>Ubi</span> <span class='ocrx_word' id='word_1_198' title='bbox 585 2492 732 2534; x_wconf 90' lang='lat' dir='ltr'>cum</span> <span class='ocrx_word' id='word_1_199' title='bbox 777 2470 855 2535; x_wconf 92' lang='lat' dir='ltr'>de</span> <span class='ocrx_word' id='word_1_200' title='bbox 896 2468 1270 2535; x_wconf 88' lang='lat' dir='ltr'>liberalitate</span> <span class='ocrx_word' id='word_1_201' title='bbox 1313 2480 1377 2535; x_wconf 93' lang='lat' dir='ltr'>et</span> <span class='ocrx_word' id='word_1_202' title='bbox 1401 2468 1529 2533; x_wconf 88' lang='lat' dir='ltr'>fide</span> <span class='ocrx_word' id='word_1_203' title='bbox 1561 2469 1799 2533; x_wconf 87' lang='lat' dir='ltr'>civium</span> <span class='ocrx_word' id='word_1_204' title='bbox 1825 2469 2237 2534; x_wconf 87' lang='lat' dir='ltr'>Remensium</span> <span class='ocrx_word' id='word_1_205' title='bbox 2265 2468 2469 2534; x_wconf 89' lang='lat' dir='ltr'>laetus</span> 
     </span>
     <span class='ocr_line' id='line_1_26' title="bbox 246 2552 2471 2641; baseline 0.001 -26"><span class='ocrx_word' id='word_1_206' title='bbox 246 2562 614 2637; x_wconf 88' lang='lat' dir='ltr'>moraretur,</span> <span class='ocrx_word' id='word_1_207' title='bbox 680 2553 1037 2635; x_wconf 71' lang='lat' dir='ltr'>Amulfuse,</span> <span class='ocrx_word' id='word_1_208' title='bbox 1104 2553 1387 2619; x_wconf 90' lang='lat' dir='ltr'>Lotharii</span> <span class='ocrx_word' id='word_1_209' title='bbox 1445 2552 1616 2617; x_wconf 90' lang='lat' dir='ltr'>filius</span> <span class='ocrx_word' id='word_1_210' title='bbox 1637 2565 1682 2635; x_wconf 84' lang='lat'>⁴,</span> <span class='ocrx_word' id='word_1_211' title='bbox 1726 2576 1845 2639; x_wconf 91' lang='lat' dir='ltr'>per</span> <span class='ocrx_word' id='word_1_212' title='bbox 1902 2552 2251 2639; x_wconf 82' lang='lat' dir='ltr'>quosdamf</span> <span class='ocrx_word' id='word_1_213' title='bbox 2299 2555 2471 2641; x_wconf 87' lang='lat' dir='ltr'>regis</span> 
     </span>
     <span class='ocr_line' id='line_1_27' title="bbox 244 2636 2470 2724; baseline 0 -23"><span class='ocrx_word' id='word_1_214' title='bbox 244 2637 577 2722; x_wconf 85' lang='lat' dir='ltr'>stipatores</span> <span class='ocrx_word' id='word_1_215' title='bbox 621 2636 702 2701; x_wconf 92' lang='lat' dir='ltr'>ab</span> <span class='ocrx_word' id='word_1_216' title='bbox 745 2661 894 2724; x_wconf 83' lang='lat' dir='ltr'>rege</span> <span class='ocrx_word' id='word_1_217' title='bbox 938 2639 1374 2724; x_wconf 89' lang='lat' dir='ltr'>episcopatum</span> <span class='ocrx_word' id='word_1_218' title='bbox 1430 2638 1789 2723; x_wconf 84' lang='lat' dir='ltr'>expetebat,</span> <span class='ocrx_word' id='word_1_219' title='bbox 1848 2636 2157 2701; x_wconf 90' lang='lat' dir='ltr'>Karolum</span> <span class='ocrx_word' id='word_1_220' title='bbox 2213 2659 2470 2724; x_wconf 92' lang='lat' dir='ltr'>quoque</span> 
     </span>
     <span class='ocr_line' id='line_1_28' title="bbox 237 2721 2469 2809; baseline 0.001 -24"><span class='ocrx_word' id='word_1_221' title='bbox 237 2731 542 2807; x_wconf 90' lang='lat' dir='ltr'>patruum</span> <span class='ocrx_word' id='word_1_222' title='bbox 587 2744 725 2787; x_wconf 91' lang='lat' dir='ltr'>sese</span> <span class='ocrx_word' id='word_1_223' title='bbox 782 2721 1180 2787; x_wconf 89' lang='lat' dir='ltr'>deserturum</span> <span class='ocrx_word' id='word_1_224' title='bbox 1231 2721 1510 2805; x_wconf 88' lang='lat' dir='ltr'>mandat,</span> <span class='ocrx_word' id='word_1_225' title='bbox 1566 2721 1760 2786; x_wconf 89' lang='lat' dir='ltr'>fidem</span> <span class='ocrx_word' id='word_1_226' title='bbox 1814 2721 2111 2807; x_wconf 83' lang='lat' dir='ltr'>spondet·;</span> <span class='ocrx_word' id='word_1_227' title='bbox 2169 2723 2469 2809; x_wconf 86' lang='lat' dir='ltr'>regisque</span> 
     </span>
    </p>
   </div>
   <div class='ocr_carea' id='block_1_7' title="bbox 239 2845 2471 2961">
    <p class='ocr_par' dir='ltr' id='par_1_8' title="bbox 239 2845 2471 2961">
     <span class='ocr_line' id='line_1_29' title="bbox 362 2845 2471 2903; baseline 0.001 -15"><span class='ocrx_word' id='word_1_228' title='bbox 362 2845 409 2899; x_wconf 83' lang='lat' dir='ltr'>a)</span> <span class='ocrx_word' id='word_1_229' title='bbox 441 2849 563 2900; x_wconf 84' lang='lat' dir='ltr'>albe,</span> <span class='ocrx_word' id='word_1_230' title='bbox 596 2860 683 2899; x_wconf 81' lang='lat' dir='ltr'>opo</span> <span class='ocrx_word' id='word_1_231' title='bbox 713 2849 829 2889; x_wconf 77' lang='lat' dir='ltr'>absc.</span> <span class='ocrx_word' id='word_1_232' title='bbox 976 2847 1026 2900; x_wconf 86' lang='lat' dir='ltr'>b)</span> <span class='ocrx_word' id='word_1_233' title='bbox 1059 2850 1178 2889; x_wconf 84' lang='lat' dir='ltr'>hanc</span> <span class='ocrx_word' id='word_1_234' title='bbox 1209 2850 1348 2889; x_wconf 79' lang='lat' dir='ltr'>etiam</span> <span class='ocrx_word' id='word_1_235' title='bbox 1383 2851 1422 2890; x_wconf 85' lang='lat'>1.</span> <span class='ocrx_word' id='word_1_236' title='bbox 1575 2846 1618 2900; x_wconf 88' lang='lat' dir='ltr'>c)</span> <span class='ocrx_word' id='word_1_237' title='bbox 1649 2849 1895 2899; x_wconf 70' lang='lat' dir='ltr'>plurimam</span> <span class='ocrx_word' id='word_1_238' title='bbox 1924 2860 1960 2889; x_wconf 84' lang='lat' dir='ltr'>e.</span> <span class='ocrx_word' id='word_1_239' title='bbox 2107 2846 2153 2899; x_wconf 80' lang='lat' dir='ltr'>d)</span> <span class='ocrx_word' id='word_1_240' title='bbox 2186 2848 2471 2903; x_wconf 79' lang='lat' dir='ltr'>A(rnulfus),</span> 
     </span>
     <span class='ocr_line' id='line_1_30' title="bbox 239 2906 1722 2961; baseline 0 -14"><span class='ocrx_word' id='word_1_241' title='bbox 239 2908 388 2961; x_wconf 82' lang='lat' dir='ltr'>archi,</span> <span class='ocrx_word' id='word_1_242' title='bbox 421 2919 465 2948; x_wconf 89' lang='lat' dir='ltr'>m</span> <span class='ocrx_word' id='word_1_243' title='bbox 496 2909 608 2947; x_wconf 79' lang='lat' dir='ltr'>absc.</span> <span class='ocrx_word' id='word_1_244' title='bbox 759 2906 802 2959; x_wconf 86' lang='lat' dir='ltr'>e)</span> <span class='ocrx_word' id='word_1_245' title='bbox 831 2908 888 2951; x_wconf 82' lang='lat' dir='ltr'>A.</span> <span class='ocrx_word' id='word_1_246' title='bbox 918 2919 954 2949; x_wconf 81' lang='lat' dir='ltr'>e.</span> <span class='ocrx_word' id='word_1_247' title='bbox 1105 2906 1143 2960; x_wconf 74' lang='lat' dir='ltr'>f)</span> <span class='ocrx_word' id='word_1_248' title='bbox 1172 2909 1328 2948; x_wconf 77' lang='lat' dir='ltr'>But-ch</span> <span class='ocrx_word' id='word_1_249' title='bbox 1357 2908 1486 2949; x_wconf 77' lang='lat' dir='ltr'>scribi</span> <span class='ocrx_word' id='word_1_250' title='bbox 1515 2913 1722 2958; x_wconf 72' lang='lat' dir='ltr'>coeptum.</span> 
     </span>
    </p>
   </div>
   <div class='ocr_carea' id='block_1_8' title="bbox 225 3000 2472 4228">
    <p class='ocr_par' dir='ltr' id='par_1_9' title="bbox 225 3000 2472 4228">
     <span class='ocr_line' id='line_1_31' title="bbox 395 3000 2465 3071; baseline 0.001 -19"><span class='ocrx_word' id='word_1_251' title='bbox 395 3000 450 3068; x_wconf 89' lang='lat'>1)</span> <span class='ocrx_word' id='word_1_252' title='bbox 490 3002 572 3055; x_wconf 79' lang='lat' dir='ltr'>cf.</span> <span class='ocrx_word' id='word_1_253' title='bbox 612 3004 857 3055; x_wconf 82' lang='lat' dir='ltr'>Gerberti</span> <span class='ocrx_word' id='word_1_254' title='bbox 897 3004 1048 3071; x_wconf 85' lang='lat' dir='ltr'>epist.</span> <span class='ocrx_word' id='word_1_255' title='bbox 1093 3003 1214 3067; x_wconf 86' lang='lat'>158,</span> <span class='ocrx_word' id='word_1_256' title='bbox 1255 3003 1338 3057; x_wconf 90' lang='lat' dir='ltr'>ed.</span> <span class='ocrx_word' id='word_1_257' title='bbox 1361 3003 1559 3056; x_wconf 88' lang='lat' dir='ltr'>Olleris</span> <span class='ocrx_word' id='word_1_258' title='bbox 1596 3021 1651 3070; x_wconf 91' lang='lat' dir='ltr'>p.</span> <span class='ocrx_word' id='word_1_259' title='bbox 1693 3004 1796 3054; x_wconf 87' lang='lat'>88:</span> <span class='ocrx_word' id='word_1_260' title='bbox 1831 3013 1950 3071; x_wconf 79' lang='lat' dir='ltr'>post</span> <span class='ocrx_word' id='word_1_261' title='bbox 1985 3003 2275 3068; x_wconf 76' lang='lat' dir='ltr'>meridiem,</span> <span class='ocrx_word' id='word_1_262' title='bbox 2314 3020 2465 3055; x_wconf 85' lang='lat' dir='ltr'>oceu-</span> 
     </span>
     <span class='ocr_line' id='line_1_32' title="bbox 231 3074 2471 3145; baseline 0.001 -19"><span class='ocrx_word' id='word_1_263' title='bbox 231 3075 384 3142; x_wconf 71' lang='lat' dir='ltr'>patis</span> <span class='ocrx_word' id='word_1_264' title='bbox 421 3074 671 3127; x_wconf 70' lang='lat' dir='ltr'>militibus</span> <span class='ocrx_word' id='word_1_265' title='bbox 709 3075 866 3143; x_wconf 72' lang='lat' dir='ltr'>reqiis</span> <span class='ocrx_word' id='word_1_266' title='bbox 912 3076 1036 3128; x_wconf 85' lang='lat' dir='ltr'>vino</span> <span class='ocrx_word' id='word_1_267' title='bbox 1075 3085 1122 3128; x_wconf 78' lang='lat' dir='ltr'>et</span> <span class='ocrx_word' id='word_1_268' title='bbox 1159 3094 1337 3128; x_wconf 87' lang='lat' dir='ltr'>somno</span> <span class='ocrx_word' id='word_1_269' title='bbox 1353 3115 1368 3140; x_wconf 93' lang='lat'>,</span> <span class='ocrx_word' id='word_1_270' title='bbox 1422 3076 1684 3142; x_wconf 83' lang='lat' dir='ltr'>oppidani</span> <span class='ocrx_word' id='word_1_271' title='bbox 1734 3077 1854 3129; x_wconf 79' lang='lat' dir='ltr'>totis</span> <span class='ocrx_word' id='word_1_272' title='bbox 1902 3077 2101 3129; x_wconf 86' lang='lat' dir='ltr'>viribus</span> <span class='ocrx_word' id='word_1_273' title='bbox 2148 3076 2471 3145; x_wconf 77' lang='lat' dir='ltr'>eruptionem</span> 
     </span>
     <span class='ocr_line' id='line_1_33' title="bbox 225 3148 2467 3216; baseline 0 -15"><span class='ocrx_word' id='word_1_274' title='bbox 225 3150 495 3215; x_wconf 76' lang='lat' dir='ltr'>fecerunt,</span> <span class='ocrx_word' id='word_1_275' title='bbox 532 3148 826 3216; x_wconf 69' lang='lat' dir='ltr'>nostrisque</span> <span class='ocrx_word' id='word_1_276' title='bbox 861 3148 1219 3201; x_wconf 73' lang='lat' dir='ltr'>resistentibus</span> <span class='ocrx_word' id='word_1_277' title='bbox 1251 3168 1314 3201; x_wconf 82' lang='lat' dir='ltr'>ac</span> <span class='ocrx_word' id='word_1_278' title='bbox 1349 3167 1432 3202; x_wconf 84' lang='lat' dir='ltr'>eos</span> <span class='ocrx_word' id='word_1_279' title='bbox 1458 3151 1847 3216; x_wconf 75' lang='lat' dir='ltr'>repellentibus,</span> <span class='ocrx_word' id='word_1_280' title='bbox 1889 3169 1924 3200; x_wconf 90' lang='lat' dir='ltr'>a</span> <span class='ocrx_word' id='word_1_281' title='bbox 1942 3150 2195 3203; x_wconf 83' lang='lat' dir='ltr'>mendicis</span> <span class='ocrx_word' id='word_1_282' title='bbox 2235 3158 2467 3202; x_wconf 76' lang='lat' dir='ltr'>cremata</span> 
     </span>
     <span class='ocr_line' id='line_1_34' title="bbox 243 3220 2469 3289; baseline -0 -16"><span class='ocrx_word' id='word_1_283' title='bbox 243 3228 369 3273; x_wconf 82' lang='lat' dir='ltr'>sunt</span> <span class='ocrx_word' id='word_1_284' title='bbox 406 3229 599 3274; x_wconf 78' lang='lat' dir='ltr'>castra.</span> <span class='ocrx_word' id='word_1_285' title='bbox 695 3220 807 3284; x_wconf 74' lang='lat' dir='ltr'>Quo</span> <span class='ocrx_word' id='word_1_286' title='bbox 845 3221 1084 3274; x_wconf 84' lang='lat' dir='ltr'>incendio</span> <span class='ocrx_word' id='word_1_287' title='bbox 1121 3222 1287 3274; x_wconf 85' lang='lat' dir='ltr'>omnis</span> <span class='ocrx_word' id='word_1_288' title='bbox 1339 3231 1637 3289; x_wconf 86' lang='lat' dir='ltr'>apparatus</span> <span class='ocrx_word' id='word_1_289' title='bbox 1684 3222 1967 3275; x_wconf 79' lang='lat' dir='ltr'>obsidionis</span> <span class='ocrx_word' id='word_1_290' title='bbox 2022 3225 2327 3289; x_wconf 79' lang='lat' dir='ltr'>absumptus</span> <span class='ocrx_word' id='word_1_291' title='bbox 2378 3228 2469 3274; x_wconf 84' lang='lat' dir='ltr'>est.</span> 
     </span>
     <span class='ocr_line' id='line_1_35' title="bbox 251 3294 2468 3361; baseline 0 -16"><span class='ocrx_word' id='word_1_292' title='bbox 251 3294 398 3357; x_wconf 74' lang='lat' dir='ltr'>Quae</span> <span class='ocrx_word' id='word_1_293' title='bbox 435 3295 636 3346; x_wconf 84' lang='lat' dir='ltr'>damna</span> <span class='ocrx_word' id='word_1_294' title='bbox 673 3295 723 3347; x_wconf 92' lang='lat'>8.</span> <span class='ocrx_word' id='word_1_295' title='bbox 745 3294 871 3346; x_wconf 88' lang='lat' dir='ltr'>Kal.</span> <span class='ocrx_word' id='word_1_296' title='bbox 909 3294 1052 3361; x_wconf 78' lang='lat' dir='ltr'>Sept.</span> <span class='ocrx_word' id='word_1_297' title='bbox 1091 3294 1431 3361; x_wconf 75' lang='lat' dir='ltr'>multiplicius</span> <span class='ocrx_word' id='word_1_298' title='bbox 1466 3296 1825 3347; x_wconf 71' lang='lat' dir='ltr'>restauranda</span> <span class='ocrx_word' id='word_1_299' title='bbox 1863 3303 2017 3357; x_wconf 72' lang='lat' dir='ltr'>sunt5</span> <span class='ocrx_word' id='word_1_300' title='bbox 2055 3297 2238 3361; x_wconf 85' lang='lat' dir='ltr'>Sigeb.</span> <span class='ocrx_word' id='word_1_301' title='bbox 2260 3312 2293 3346; x_wconf 84' lang='lat' dir='ltr'>a</span> <span class='ocrx_word' id='word_1_302' title='bbox 2331 3295 2468 3346; x_wconf 85' lang='lat'>988:</span> 
     </span>
     <span class='ocr_line' id='line_1_36' title="bbox 245 3365 2468 3436; baseline 0 -17"><span class='ocrx_word' id='word_1_303' title='bbox 245 3368 407 3436; x_wconf 74' lang='lat' dir='ltr'>Huqo</span> <span class='ocrx_word' id='word_1_304' title='bbox 444 3385 541 3419; x_wconf 76' lang='lat' dir='ltr'>rex</span> <span class='ocrx_word' id='word_1_305' title='bbox 577 3367 837 3419; x_wconf 81' lang='lat' dir='ltr'>Karolwm</span> <span class='ocrx_word' id='word_1_306' title='bbox 871 3365 928 3418; x_wconf 85' lang='lat' dir='ltr'>in</span> <span class='ocrx_word' id='word_1_307' title='bbox 968 3368 1242 3419; x_wconf 82' lang='lat' dir='ltr'>Lauduno</span> <span class='ocrx_word' id='word_1_308' title='bbox 1281 3368 1506 3432; x_wconf 82' lang='lat' dir='ltr'>obsidet,</span> <span class='ocrx_word' id='word_1_309' title='bbox 1566 3370 1660 3420; x_wconf 87' lang='lat' dir='ltr'>sed</span> <span class='ocrx_word' id='word_1_310' title='bbox 1697 3369 1923 3419; x_wconf 87' lang='lat' dir='ltr'>secundo</span> <span class='ocrx_word' id='word_1_311' title='bbox 1962 3367 2246 3419; x_wconf 82' lang='lat' dir='ltr'>obsidionis</span> <span class='ocrx_word' id='word_1_312' title='bbox 2295 3384 2468 3420; x_wconf 86' lang='lat' dir='ltr'>mense</span> 
     </span>
     <span class='ocr_line' id='line_1_37' title="bbox 243 3440 2469 3508; baseline 0 -16"><span class='ocrx_word' id='word_1_313' title='bbox 243 3441 441 3493; x_wconf 84' lang='lat' dir='ltr'>obsessi</span> <span class='ocrx_word' id='word_1_314' title='bbox 478 3440 830 3507; x_wconf 79' lang='lat' dir='ltr'>prosilientes,</span> <span class='ocrx_word' id='word_1_315' title='bbox 883 3447 1062 3491; x_wconf 75' lang='lat' dir='ltr'>castra</span> <span class='ocrx_word' id='word_1_316' title='bbox 1108 3440 1455 3493; x_wconf 76' lang='lat' dir='ltr'>obsidentium</span> <span class='ocrx_word' id='word_1_317' title='bbox 1488 3440 1860 3504; x_wconf 79' lang='lat' dir='ltr'>incenderunt,</span> <span class='ocrx_word' id='word_1_318' title='bbox 1911 3447 1960 3492; x_wconf 74' lang='lat' dir='ltr'>et</span> <span class='ocrx_word' id='word_1_319' title='bbox 2007 3440 2119 3507; x_wconf 84' lang='lat' dir='ltr'>ipse</span> <span class='ocrx_word' id='word_1_320' title='bbox 2155 3458 2251 3493; x_wconf 76' lang='lat' dir='ltr'>rex</span> <span class='ocrx_word' id='word_1_321' title='bbox 2287 3441 2469 3508; x_wconf 77' lang='lat' dir='ltr'>Hu90,</span> 
     </span>
     <span class='ocr_line' id='line_1_38' title="bbox 233 3508 2467 3582; baseline 0 -17"><span class='ocrx_word' id='word_1_322' title='bbox 233 3512 488 3579; x_wconf 76' lang='lat' dir='ltr'>plurimis</span> <span class='ocrx_word' id='word_1_323' title='bbox 525 3531 741 3565; x_wconf 87' lang='lat' dir='ltr'>suorum</span> <span class='ocrx_word' id='word_1_324' title='bbox 768 3512 1056 3581; x_wconf 79' lang='lat' dir='ltr'>peremptis</span> <span class='ocrx_word' id='word_1_325' title='bbox 1073 3553 1086 3576; x_wconf 89' lang='lat'>,</span> <span class='ocrx_word' id='word_1_326' title='bbox 1140 3512 1365 3579; x_wconf 57' lang='lat' dir='ltr'>turpiter</span> <span class='ocrx_word' id='word_1_327' title='bbox 1385 3513 1611 3582; x_wconf 69' lang='lat' dir='ltr'>fugiens</span> <span class='ocrx_word' id='word_1_328' title='bbox 1645 3513 1739 3566; x_wconf 77' lang='lat' dir='ltr'>vix</span> <span class='ocrx_word' id='word_1_329' title='bbox 1776 3512 1961 3566; x_wconf 81' lang='lat' dir='ltr'>evasit.</span> <span class='ocrx_word' id='word_1_330' title='bbox 2147 3514 2205 3582; x_wconf 81' lang='lat'>2)</span> <span class='ocrx_word' id='word_1_331' title='bbox 2242 3508 2467 3566; x_wconf 76' lang='grc' dir='ltr'><strong>καύσων.</strong></span> 
     </span>
     <span class='ocr_line' id='line_1_39' title="bbox 247 3586 2467 3655; baseline 0.001 -18"><span class='ocrx_word' id='word_1_332' title='bbox 247 3586 310 3654; x_wconf 88' lang='grc'>3)</span> <span class='ocrx_word' id='word_1_333' title='bbox 347 3586 544 3639; x_wconf 85' lang='lat' dir='ltr'>Olleris</span> <span class='ocrx_word' id='word_1_334' title='bbox 582 3606 635 3655; x_wconf 87' lang='lat' dir='ltr'>p.</span> <span class='ocrx_word' id='word_1_335' title='bbox 675 3589 799 3643; x_wconf 79' lang='lat'>529.</span> <span class='ocrx_word' id='word_1_336' title='bbox 843 3604 964 3639; x_wconf 87' lang='lat' dir='ltr'>cum</span> <span class='ocrx_word' id='word_1_337' title='bbox 989 3588 1302 3639; x_wconf 80' lang='lat' dir='ltr'>Msbillonio</span> <span class='ocrx_word' id='word_1_338' title='bbox 1341 3595 1564 3639; x_wconf 86' lang='lat' dir='ltr'>mortem</span> <span class='ocrx_word' id='word_1_339' title='bbox 1600 3587 1957 3638; x_wconf 85' lang='lat' dir='ltr'>Adalberonis</span> <span class='ocrx_word' id='word_1_340' title='bbox 1994 3589 2049 3637; x_wconf 86' lang='lat' dir='ltr'>in</span> <span class='ocrx_word' id='word_1_341' title='bbox 2086 3603 2137 3639; x_wconf 82' lang='lat' dir='ltr'>a.</span> <span class='ocrx_word' id='word_1_342' title='bbox 2158 3587 2283 3639; x_wconf 89' lang='grc'><strong>989.</strong></span> <span class='ocrx_word' id='word_1_343' title='bbox 2320 3594 2467 3639; x_wconf 88' lang='lat' dir='ltr'>recte</span> 
     </span>
     <span class='ocr_line' id='line_1_40' title="bbox 249 3659 2467 3727; baseline 0 -16"><span class='ocrx_word' id='word_1_344' title='bbox 249 3659 516 3712; x_wconf 85' lang='lat' dir='ltr'>collocare</span> <span class='ocrx_word' id='word_1_345' title='bbox 563 3662 788 3715; x_wconf 85' lang='lat' dir='ltr'>videtur.</span> <span class='ocrx_word' id='word_1_346' title='bbox 884 3662 1042 3713; x_wconf 86' lang='lat' dir='ltr'>Certe</span> <span class='ocrx_word' id='word_1_347' title='bbox 1091 3677 1198 3712; x_wconf 90' lang='lat' dir='ltr'>non</span> <span class='ocrx_word' id='word_1_348' title='bbox 1249 3677 1298 3713; x_wconf 83' lang='lat' dir='ltr'>a.</span> <span class='ocrx_word' id='word_1_349' title='bbox 1339 3662 1462 3712; x_wconf 86' lang='grc'>990.</span> <span class='ocrx_word' id='word_1_350' title='bbox 1513 3662 1617 3713; x_wconf 89' lang='lat' dir='ltr'>hoc</span> <span class='ocrx_word' id='word_1_351' title='bbox 1656 3660 1894 3712; x_wconf 80' lang='lat' dir='ltr'>adscribi</span> <span class='ocrx_word' id='word_1_352' title='bbox 1930 3666 2122 3727; x_wconf 85' lang='lat' dir='ltr'>potest.</span> <span class='ocrx_word' id='word_1_353' title='bbox 2197 3662 2331 3713; x_wconf 84' lang='lat' dir='ltr'>Nam</span> <span class='ocrx_word' id='word_1_354' title='bbox 2369 3663 2467 3713; x_wconf 86' lang='lat' dir='ltr'>Ar·</span> 
     </span>
     <span class='ocr_line' id='line_1_41' title="bbox 248 3734 2467 3801; baseline 0 -17"><span class='ocrx_word' id='word_1_355' title='bbox 248 3734 426 3785; x_wconf 88' lang='lat' dir='ltr'>nulfus</span> <span class='ocrx_word' id='word_1_356' title='bbox 467 3737 580 3787; x_wconf 87' lang='lat' dir='ltr'>eius</span> <span class='ocrx_word' id='word_1_357' title='bbox 618 3752 896 3788; x_wconf 83' lang='lat' dir='ltr'>successor</span> <span class='ocrx_word' id='word_1_358' title='bbox 933 3737 1101 3787; x_wconf 85' lang='lat' dir='ltr'>‘sexto</span> <span class='ocrx_word' id='word_1_359' title='bbox 1140 3750 1322 3787; x_wconf 88' lang='lat' dir='ltr'>mense</span> <span class='ocrx_word' id='word_1_360' title='bbox 1361 3736 1428 3785; x_wconf 88' lang='lat' dir='ltr'>ab</span> <span class='ocrx_word' id='word_1_361' title='bbox 1469 3736 1583 3785; x_wconf 87' lang='lat' dir='ltr'>eius</span> <span class='ocrx_word' id='word_1_362' title='bbox 1623 3734 1957 3785; x_wconf 84' lang='lat' dir='ltr'>ordinatione</span> <span class='ocrx_word' id='word_1_363' title='bbox 1997 3734 2229 3785; x_wconf 87' lang='lat' dir='ltr'>nondum</span> <span class='ocrx_word' id='word_1_364' title='bbox 2269 3734 2467 3801; x_wconf 84' lang='lat' dir='ltr'>elapso&#39;</span> 
     </span>
     <span class='ocr_line' id='line_1_42' title="bbox 248 3807 2471 3876; baseline 0 -19"><span class='ocrx_word' id='word_1_365' title='bbox 248 3808 434 3858; x_wconf 85' lang='lat' dir='ltr'>urbem</span> <span class='ocrx_word' id='word_1_366' title='bbox 473 3809 541 3859; x_wconf 83' lang='lat' dir='ltr'>ab</span> <span class='ocrx_word' id='word_1_367' title='bbox 580 3809 730 3861; x_wconf 88' lang='lat' dir='ltr'>hoste</span> <span class='ocrx_word' id='word_1_368' title='bbox 771 3816 982 3876; x_wconf 85' lang='lat' dir='ltr'>captam</span> <span class='ocrx_word' id='word_1_369' title='bbox 1019 3808 1182 3871; x_wconf 82' lang='lat' dir='ltr'>vidit3</span> <span class='ocrx_word' id='word_1_370' title='bbox 1225 3807 1411 3859; x_wconf 88' lang='lat' dir='ltr'>decem</span> <span class='ocrx_word' id='word_1_371' title='bbox 1451 3813 1506 3859; x_wconf 85' lang='lat' dir='ltr'>et</span> <span class='ocrx_word' id='word_1_372' title='bbox 1542 3814 1662 3859; x_wconf 90' lang='lat' dir='ltr'>octo</span> <span class='ocrx_word' id='word_1_373' title='bbox 1704 3808 1964 3857; x_wconf 89' lang='lat' dir='ltr'>continuis</span> <span class='ocrx_word' id='word_1_374' title='bbox 2002 3809 2302 3870; x_wconf 88' lang='lat' dir='ltr'>mensibus,</span> <span class='ocrx_word' id='word_1_375' title='bbox 2339 3813 2401 3857; x_wconf 90' lang='lat' dir='ltr'>ut</span> <span class='ocrx_word' id='word_1_376' title='bbox 2436 3822 2471 3857; x_wconf 85' lang='lat' dir='ltr'>a</span> 
     </span>
     <span class='ocr_line' id='line_1_43' title="bbox 252 3879 2470 3948; baseline 0 -17"><span class='ocrx_word' id='word_1_377' title='bbox 252 3886 444 3948; x_wconf 86' lang='lat' dir='ltr'>coepto</span> <span class='ocrx_word' id='word_1_378' title='bbox 496 3881 805 3946; x_wconf 86' lang='lat' dir='ltr'>desisteret,</span> <span class='ocrx_word' id='word_1_379' title='bbox 855 3884 1084 3933; x_wconf 88' lang='lat' dir='ltr'>monitus</span> <span class='ocrx_word' id='word_1_380' title='bbox 1135 3887 1250 3946; x_wconf 83' lang='lat' dir='ltr'>est3</span> <span class='ocrx_word' id='word_1_381' title='bbox 1299 3886 1420 3948; x_wconf 87' lang='lat' dir='ltr'>post</span> <span class='ocrx_word' id='word_1_382' title='bbox 1469 3880 1595 3932; x_wconf 87' lang='lat' dir='ltr'>ficte</span> <span class='ocrx_word' id='word_1_383' title='bbox 1646 3881 1865 3946; x_wconf 82' lang='lat' dir='ltr'>Hugoni</span> <span class='ocrx_word' id='word_1_384' title='bbox 1926 3882 2041 3946; x_wconf 81' lang='lat' dir='ltr'>regi</span> <span class='ocrx_word' id='word_1_385' title='bbox 2093 3879 2470 3931; x_wconf 85' lang='lat' dir='ltr'>reconciliatus</span> 
     </span>
     <span class='ocr_line' id='line_1_44' title="bbox 249 3952 2472 4022; baseline -0 -18"><span class='ocrx_word' id='word_1_386' title='bbox 249 3953 414 4005; x_wconf 79' lang='lat' dir='ltr'>fidem</span> <span class='ocrx_word' id='word_1_387' title='bbox 462 3954 652 4020; x_wconf 77' lang='lat' dir='ltr'>fregit,</span> <span class='ocrx_word' id='word_1_388' title='bbox 703 3962 757 4007; x_wconf 87' lang='lat' dir='ltr'>et</span> <span class='ocrx_word' id='word_1_389' title='bbox 809 3956 892 4007; x_wconf 85' lang='lat' dir='ltr'>his</span> <span class='ocrx_word' id='word_1_390' title='bbox 943 3956 1108 4022; x_wconf 87' lang='lat' dir='ltr'>gestis</span> <span class='ocrx_word' id='word_1_391' title='bbox 1159 3970 1338 4005; x_wconf 84' lang='lat' dir='ltr'>mense</span> <span class='ocrx_word' id='word_1_392' title='bbox 1385 3954 1543 4005; x_wconf 86' lang='lat' dir='ltr'>Iunio</span> <span class='ocrx_word' id='word_1_393' title='bbox 1594 3955 1720 4004; x_wconf 87' lang='lat'>991.</span> <span class='ocrx_word' id='word_1_394' title='bbox 1770 3953 2041 4019; x_wconf 84' lang='lat' dir='ltr'>depositus</span> <span class='ocrx_word' id='word_1_395' title='bbox 2080 3963 2162 4005; x_wconf 88' lang='lat' dir='ltr'>est</span> <span class='ocrx_word' id='word_1_396' title='bbox 2199 3952 2472 4020; x_wconf 84' lang='lat' dir='ltr'>(Gerberti</span> 
     </span>
     <span class='ocr_line' id='line_1_45' title="bbox 253 4027 2471 4096; baseline 0 -19"><span class='ocrx_word' id='word_1_397' title='bbox 253 4029 408 4093; x_wconf 86' lang='lat' dir='ltr'>epist.</span> <span class='ocrx_word' id='word_1_398' title='bbox 461 4029 582 4091; x_wconf 82' lang='lat'>193,</span> <span class='ocrx_word' id='word_1_399' title='bbox 631 4046 684 4095; x_wconf 91' lang='lat' dir='ltr'>p.</span> <span class='ocrx_word' id='word_1_400' title='bbox 726 4028 872 4096; x_wconf 88' lang='grc'><strong>109).</strong></span> <span class='ocrx_word' id='word_1_401' title='bbox 965 4031 1137 4095; x_wconf 78' lang='lat' dir='ltr'>Igitur</span> <span class='ocrx_word' id='word_1_402' title='bbox 1180 4044 1304 4079; x_wconf 81' lang='lat' dir='ltr'>vere</span> <span class='ocrx_word' id='word_1_403' title='bbox 1352 4044 1400 4081; x_wconf 82' lang='lat' dir='ltr'>a.</span> <span class='ocrx_word' id='word_1_404' title='bbox 1453 4027 1579 4078; x_wconf 84' lang='lat'>989.</span> <span class='ocrx_word' id='word_1_405' title='bbox 1633 4043 1751 4079; x_wconf 86' lang='lat' dir='ltr'>eum</span> <span class='ocrx_word' id='word_1_406' title='bbox 1800 4032 2098 4093; x_wconf 85' lang='lat' dir='ltr'>promotum</span> <span class='ocrx_word' id='word_1_407' title='bbox 2150 4043 2267 4078; x_wconf 88' lang='lat' dir='ltr'>esse</span> <span class='ocrx_word' id='word_1_408' title='bbox 2304 4032 2471 4093; x_wconf 82' lang='lat' dir='ltr'>patet.</span> 
     </span>
     <span class='ocr_line' id='line_1_46' title="bbox 253 4098 2471 4168; baseline 0 -19"><span class='ocrx_word' id='word_1_409' title='bbox 253 4098 316 4166; x_wconf 87' lang='lat'>4)</span> <span class='ocrx_word' id='word_1_410' title='bbox 356 4116 420 4151; x_wconf 86' lang='lat' dir='ltr'>ex</span> <span class='ocrx_word' id='word_1_411' title='bbox 468 4102 793 4167; x_wconf 83' lang='lat' dir='ltr'>concubina3</span> <span class='ocrx_word' id='word_1_412' title='bbox 847 4103 916 4155; x_wconf 88' lang='lat' dir='ltr'>cf.</span> <span class='ocrx_word' id='word_1_413' title='bbox 956 4104 1098 4168; x_wconf 61' lang='grc' dir='ltr'>Ηυξ.</span> <span class='ocrx_word' id='word_1_414' title='bbox 1137 4102 1291 4155; x_wconf 81' lang='lat' dir='ltr'>Flav.</span> <span class='ocrx_word' id='word_1_415' title='bbox 1336 4102 1430 4153; x_wconf 82' lang='lat' dir='ltr'>SS.</span> <span class='ocrx_word' id='word_1_416' title='bbox 1471 4101 1625 4164; x_wconf 89' lang='lat' dir='ltr'>VIII,</span> <span class='ocrx_word' id='word_1_417' title='bbox 1672 4118 1725 4167; x_wconf 86' lang='lat' dir='ltr'>p.</span> <span class='ocrx_word' id='word_1_418' title='bbox 1767 4100 1891 4163; x_wconf 81' lang='lat'>365,</span> <span class='ocrx_word' id='word_1_419' title='bbox 1945 4116 2081 4166; x_wconf 87' lang='lat' dir='ltr'>quae</span> <span class='ocrx_word' id='word_1_420' title='bbox 2135 4102 2351 4151; x_wconf 86' lang='lat' dir='ltr'>minime</span> <span class='ocrx_word' id='word_1_421' title='bbox 2404 4116 2471 4152; x_wconf 86' lang='lat' dir='ltr'>ex</span> 
     </span>
     <span class='ocr_line' id='line_1_47' title="bbox 253 4174 866 4228; baseline 0.007 -5"><span class='ocrx_word' id='word_1_422' title='bbox 253 4174 483 4226; x_wconf 84' lang='lat' dir='ltr'>Richero</span> <span class='ocrx_word' id='word_1_423' title='bbox 523 4180 694 4227; x_wconf 86' lang='lat' dir='ltr'>sumta</span> <span class='ocrx_word' id='word_1_424' title='bbox 730 4181 866 4228; x_wconf 85' lang='lat' dir='ltr'>sunt.</span> 
     </span>
    </p>
   </div>
  </div>
 </body>
</html>
