3059 4834
408 1087 425 1106 ¹⁶
438 1104 484 1142 p.
500 1091 605 1132 5¹13.

505 1150 609 1196 893.

412 1678 429 1699 ⁶
441 1683 523 1723 fol.
546 1681 605 1724 5⁴.

411 2448 509 2488 Ian.
529 2449 604 2491 28.

630 223 695 270 10
1147 223 1454 275 RICHERI
1492 222 1992 274 HISTORIARUM
2028 222 2250 274 LIBER
2289 226 2333 276 Ι.

1102 391 1198 454 12.
1285 391 1648 455 Promotioa
1691 390 1954 456 Karolib
1998 392 2066 454 in
2108 413 2323 476 regem
2341 402 2386 454 ².

791 490 1039 555 Interea
1100 514 1216 556 rex
1280 516 1319 558 a
1380 492 1725 558 Lemovica
1788 491 1944 557 urbe
2009 492 2306 575 dimotuS,
2365 492 2799 558 Echolisinam
2825 507 2846 540 ¹

625 574 786 660 petit
837 596 914 638 ac
955 574 1046 639 ibi
1092 598 1379 663 quaeque
1468 576 1704 642 erenda
1747 576 2047 662 disponit.
2083 577 2255 662 NNec
2296 576 2494 642 multo
2537 587 2686 663 post
2737 600 2847 663 pe-

623 669 762 722 tens
807 658 1220 744 Petragoram
1242 672 1284 742 ²,
1348 600 1660 726 nobilium
1704 683 1929 724 causas
1975 683 2138 746 quae
2180 660 2397 726 litibus
2441 661 2852 746 agitabantur

624 741 718 806 ibi
761 745 1143 828 aequissime
1188 745 1455 827 ordinat,
1520 745 1864 830 plurimum
1880 749 1907 778 *
1953 745 2032 810 de
2078 744 2518 810 communibus
2563 747 2849 810 omnium

626 828 832 890 causis
886 828 1061 926 apud
1119 831 1455 914 optimates
1499 839 1911 914 pertractans.
1999 829 2247 909 Quibus
2314 851 2458 893 cum
2522 829 2685 894 foret
2739 829 2847 894 ad-

625 910 883 974 modum
938 921 1210 976 mtentus
1263 912 1482 998 ibique
1524 935 1642 998 per
1681 911 1924 998 aliquot
1964 921 2251 999 tempora
2279 935 2415 978 sese
2458 923 2848 978 moraturum

625 1005 1027 1080 proponeret,
1072 994 1271 1060 Fulco
1314 996 1660 1061 Remorum
1706 995 2224 1082 archiepiscopus
2271 997 2350 1061 de
2392 996 2658 1062 Karolib
2702 1019 2846 1083 pro-

624 1081 902 1144 motione
930 1081 998 1143 in
1024 1103 1293 1166 regnum
1320 1084 1344 1108 *
1358 1081 1530 1167 apud
1559 1080 1793 1166 Belgas
1834 1079 2166 1145 tractabat.
2229 1080 2585 1146 Videbatur
2614 1084 2846 1146 etenim

624 1171 792 1245 tunc,
853 1163 1024 1249 quod
1068 1187 1327 1250 presens
1382 1167 1773 1251 oportunitas
1829 1164 1976 1229 huic
2032 1167 2125 1229 rei
2179 1164 2264 1230 ali
2309 1187 2459 1229 uam
2503 1165 2844 1230 commodi-

622 1255 817 1310 tatem
831 1259 855 1290 c
891 1260 1145 1332 pararet
1160 1251 1205 1313 d.
1291 1249 1494 1376 quue
1538 1249 1882 1334 plurimum
1899 1260 1924 1290 θ
1954 1251 2266 1334 persuade
2315 1260 2380 1314 at
2407 1249 2846 1314 Neustriorum

622 1331 911 1396 absentia
936 1334 1011 1395 **.
1098 1333 1357 1398 Etenim
1392 1411 1396 1415 Δ
1438 1355 1583 1397 cum
1626 1355 1776 1418 rege
1820 1335 1886 1396 in
1929 1333 2216 1418 partibus
2244 1332 2627 1419 Aquitaniae
2656 1343 2846 1398 tunc&

622 1414 1083 1480 detinebantur.
1202 1417 1574 1482 Suadebant
1643 1438 1896 1516 quoque
1967 1417 2350 1503 multiplices
2429 1416 2844 1482 adolescentis

625 1500 1115 1584 quaerimoniae.
1203 1485 1343 1564 lam
1373 1501 1544 1564 enim
1575 1500 1952 1600 qumdennis
1984 1499 2062 1565 de
2090 1523 2160 1564 re
2255 1503 2269 1516 ‘
2303 1502 2642 1566 amissione
2673 1502 2847 1587 apud

623 1585 861 1646 amicos
907 1593 969 1648 et
1001 1584 1381 1649 domesticos
1424 1587 1800 1669 grawssime
1847 1605 1968 1648 con
2013 1607 2162 1648 uere
2209 1595 2367 1650 atur.
2425 1585 2845 1671 Regnumque

622 1675 959 1813 {aternum
994 1677 1280 1753 repetere
1309 1669 1506 1733 multo
1540 1678 1770 1733 conatu
1811 1667 1999 1732 molie
2048 1679 2206 1733 atur.
2295 1669 2414 1732 *Ei
2443 1692 2595 1755 ergo
2628 1691 2846 1734 omnes

682 1749 920 1834 elgicae
963 1754 1287 1838 principes
1331 1761 1393 1817 et
1446 1751 1687 1838 aliquot
1733 1751 2013 1817 Celticae
2068 1775 2469 1839 summopere
2526 1752 2844 1818 favebant.

622 1833 873 1898 Horum
916 1857 1041 1920 quo
1088 1859 1169 1900 ue
1214 1858 1557 1901 consensus
1601 1837 1720 1901 sub
1763 1837 2062 1901 Remensi
2114 1836 2598 1923 metropolitano
2642 1859 2844 1908 sacra-

621 1921 817 1983 menti
858 1921 994 1983 iure
1083 1932 1343 1985 rmatur.
1427 1919 1528 1984 Ac
1571 1929 1856 2007 tempore
1885 1930 2116 1986 statuto
2149 1923 2547 2004 conveniunt,
2592 1944 2678 1986 ex
2704 1920 2846 1985 Bel-

618 2004 765 2088 gica
782 2014 807 2049 ⁸
838 2003 1095 2089 quidem
1121 2003 1536 2087 Coloniensis,
1561 2007 1934 2071 Trevericus
1965 2015 2154 2091 atque
2175 2006 2587 2092 Maguntinus
2617 2017 2844 2071 metro-

670 2087 887 2152 olitani
944 2109 1089 2151 cum
1144 2091 1273 2154 suis
1318 2088 1712 2154 diocesaneis
1769 2091 2134 2176 episcopish
2192 2099 2300 2155 aut
2344 2112 2564 2154 eorum
2616 2088 2845 2176 proba-

667 2170 883 2236 ilibusi
925 2170 1181 2257 legatis3
1249 2197 1333 2240 ex
1378 2173 1619 2238 Celtica
1663 2195 1814 2238 vero
1858 2174 2203 2238 Remorum
2296 2173 2574 2239 redictus
2618 2183 2845 2238 metro-

619 2255 935 2340 politanus
981 2279 1126 2321 cum
1158 2257 1399 2344 aliquot
1420 2269 1444 2300 θ
1476 2260 1607 2322 suis
1637 2259 2049 2338 diocesaneis,
2093 2258 2234 2322 Lau
2278 2261 2504 2323 unensi
2530 2256 2842 2340 videlicet,

622 2340 1031 2406 Catalaunico
1075 2352 1140 2406 at
1186 2364 1264 2406 ue
1293 2343 1659 2408 Morinensi.
1746 2341 1936 2406 Anno
1951 2344 2101 2386 ***·¹¹
2143 2352 2355 2408 autem
2398 2343 2844 2407 incarnationis

619 2425 1021 2490 dominicaek
1066 2427 1147 2492 89
1196 2474 1210 2489 .
1260 2426 1341 2515 [5.
1371 2426 1517 2490 Kal.
1537 2427 1575 2515 ¹]
1597 2439 1625 2473 4
1666 2426 1993 2507 Februar„
2039 2427 2142 2491 die
2173 2428 2513 2507 dominica,
2559 2425 2844 2490 collectie

616 2510 833 2574 Remis
877 2511 945 2572 in
970 2509 1250 2574 basilica
1278 2511 1481 2573 sancti
1507 2510 1786 2595 Remigii
1814 2509 2125 2574 Karolum
2156 2511 2584 2596 quindennem
2625 2532 2844 2596 regem

619 2603 835 2657 creant
892 2614 968 2656 ac
1008 2594 1079 2656 in
1118 2593 1275 2657 urbe
1367 2604 1743 2678 urpuratum
1799 2615 1972 2657 more
2025 2597 2202 2680 regio
2247 2593 2457 2659 edicta
2501 2594 2652 2658 dare
2698 2615 2841 2658 con·

618 2678 898 2740 stituunt.
987 2676 1074 2740 Et
1102 2699 1186 2740 ex
1218 2675 1307 2740 Ce
1331 2678 1458 2740 tica
1488 2676 1747 2762 quidem
1791 2679 2161 2762 paucissimi
2204 2679 2338 2742 eius
2381 2688 2594 2764 partes
2624 2699 2842 2777 seque-

616 2760 865 2824 bantur.
950 2759 1058 2822 Ex
1100 2758 1361 2844 Belgica
1416 2782 1567 2824 vero
1623 2762 1682 2824 ei
1742 2781 1958 2824 omnes
2019 2760 2256 2826 addicti
2321 2773 2484 2827 sunt.
2571 2761 2676 2826 Ab
2720 2761 2842 2825 1llis

616 2845 785 2907 enim
829 2843 1233 2908 devotissime
1277 2866 1433 2908 exce
1480 2853 1601 2925 tus,
1655 2867 1771 2930 per
1814 2857 2090 2908 omnesm
2134 2868 2354 2911 eorum
2395 2846 2584 2911 urbes
2628 2856 2691 2911 et
2732 2868 2840 2931 op-

615 2927 810 3014 pidan
854 2926 1306 2992 humanissime
1352 2867 1660 2993 deductus
1705 2937 1818 2993 est.

764 3101 811 3168 ¹'‘)
850 3094 933 3154 1³1.
972 3103 1039 3152 de
1078 3104 1317 3169 privatis,
1357 3101 1684 3169 multumque
1726 3103 1793 3154 de
1835 3120 2020 3157 comm.
2065 3106 2113 3155 1.

738 3191 810 3260 **)
851 3181 942 3260 qui
982 3194 1263 3264 Sequanae
1296 3195 1594 3261 ⁴Ligerique
1633 3197 1807 3246 fluviis
1857 3197 2172 3248 interiacent
2227 3197 2355 3249 add.
2401 3197 2446 3249 l.
2523 3197 2733 3248 Etenim
2771 3221 2839 3232 —-

858 3268 1234 3319 detinebantur
1268 3268 1326 3318 in
1362 3285 1532 3335 ‘mm-9.
1571 3267 1834 3334 inferiori.

721 3357 821 3428 ***)
860 3360 1014 3411 Anno
1046 3387 1113 3396 —
1143 3359 1428 3423 dominica,
1465 3361 1668 3424 Remis,
1702 3367 1884 3412 creant
1908 3387 1980 3398 —
2006 3361 2148 3412 redit
2172 3359 2242 3429 (c.
2269 3362 2360 3428 13)
2401 3361 2433 3410 2
2469 3362 2556 3414 vel
2588 3359 2646 3411 in
2671 3378 2840 3429 mam-9.

854 3435 940 3486 vel
974 3434 1032 3484 in
1071 3433 1179 3485 loco
1218 3449 1361 3485 raso.
1401 3431 1763 3500 (Collectique
1798 3434 2050 3503 perqebat
2091 3433 2162 3500 1).

736 3596 782 3649 a)
814 3599 893 3650 tio,
928 3609 1001 3639 em
1031 3599 1143 3640 absc.
1235 3593 1283 3647 b)
1316 3598 1375 3638 K.
1394 3609 1429 3639 c.
1442 3598 1712 3647 plerumque.
1806 3595 1848 3648 c)
1881 3609 1903 3637 e
1932 3609 2045 3640 corr.
2138 3596 2184 3650 d)
2218 3599 2364 3638 vocab.
2397 3609 2578 3638 erasum.
2669 3596 2712 3649 e)
2739 3604 2842 3648 post

617 3657 717 3695 add.
839 3655 875 3708 f)
909 3658 1105 3707 profecti
1138 3657 1215 3696 del.
1356 3653 1402 3706 g)
1432 3657 1582 3696 adhuc
1615 3658 1653 3696 1.
1792 3655 1838 3707 h)
1875 3667 2053 3698 necnon
2084 3658 2276 3707 reliquis
2309 3654 2366 3710 (⁸3)
2393 3663 2494 3706 post
2525 3658 2624 3697 add.
2659 3659 2732 3697 sed
2761 3658 2839 3700 del.

617 3712 651 3765 i)
686 3715 949 3764 probabiles
986 3717 1026 3758 1.
1156 3714 1205 3768 k)
1236 3714 1326 3768 An,
1360 3715 1539 3755 domini
1567 3715 1680 3756 abac.
1803 3713 1838 3766 l)
1871 3716 1912 3758 5.
1943 3717 2044 3757 Kal.
2069 3717 2162 3766 jam
2192 3717 2306 3756 abac.
2427 3714 2489 3767 m)
2523 3727 2609 3767 per
2638 3727 2664 3756 o
2696 3717 2807 3757 abac.
2825 3729 2844 3768 ,-

611 3775 801 3822 primum
831 3775 881 3814 in
914 3774 1123 3814 omnibus
1156 3785 1196 3815 e.
1230 3774 1419 3815 urbibus
1452 3804 1463 3816 .
1487 3802 1525 3815 ..
1557 3775 1737 3825 oppidis
1767 3775 1970 3824 scriptum
2001 3779 2106 3816 erat.
2228 3773 2278 3826 n)
2311 3778 2358 3815 et
2387 3785 2476 3826 opp
2507 3775 2618 3816 abac.

768 3903 825 3972 1)
864 3907 1213 3972 Angouleme.
1332 3904 1389 3973 2)
1428 3905 1748 3972 Periguemr.
1881 3905 1940 3973 3)
1979 3905 2246 3958 Hlotharii
2283 3922 2505 3974 regnum
2542 3915 2668 3960 tunc
2707 3914 2839 3960 tem·

619 3980 761 4045 poris
786 3979 1003 4030 Arnulfo
1044 3982 1281 4046 paruisse
1322 3986 1548 4044 constat,
1587 3982 1750 4046 igitur
1786 3980 1843 4031 hi
1879 3988 1986 4032 tres
2025 3980 2413 4048 archiepiscopi
2449 3982 2704 4033 Karolum
2741 3983 2839 4033 mi·

619 4053 760 4102 nime
798 4069 977 4118 regem
1018 4054 1120 4104 sibi
1160 4053 1451 4119 elegerunt.
1604 4055 1662 4118 4)
1690 4055 1848 4105 Hunc
1877 4054 2016 4105 diem
2044 4051 2230 4103 Karoli
2256 4052 2547 4120 diplomata
2573 4055 2838 4118 indicant3

623 4124 763 4176 diem
820 4124 1205 4192 purificationis
1265 4144 1306 4178 s.
1361 4128 1566 4178 Mariae
1623 4126 1808 4194 (Febr.
1862 4125 1919 4192 2)
1976 4127 2147 4176 minus
2204 4133 2348 4178 recte
2405 4127 2540 4179 Ann.
2589 4128 2836 4194 Vedast.;

618 4198 687 4248 cf.
726 4199 959 4251 Biihmer
994 4201 1128 4266 Reg.
1167 4201 1295 4251 Kar.
1336 4219 1388 4268 p.
1432 4200 1552 4252 178.

2929 4047 2973 4313 i,

2911 4561 2922 4572 ⁴
2913 4499 2927 4546 θ’
2917 4315 2941 4486 ”’”””··ρο.-

2963 4318 2971 4337 .-
2943 4274 2953 4298 ο
