3059 4834
720 267 1027 318 RICHERI
1062 266 1565 318 HISTORIARUM
1599 266 1823 319 LIBER
1859 267 1993 318 IIII.
2337 270 2468 319 ‚165

247 455 374 520 que
433 431 670 498 diutius
721 434 1084 498 resistentes
1142 435 1494 498 comminus
1552 443 1908 520 pugnarent
1981 457 2098 499 nec
2155 434 2470 519 cederent,

242 518 496 603 postico
543 516 715 602 quod
756 518 1017 582 inferius
1060 516 1295 582 latebat
1334 517 1579 582 viribus
1625 518 2020 583 caedentium
2058 529 2257 601 erut0,
2299 522 2469 606 pira-

240 613 351 666 tae
393 601 658 666 admissi
700 611 865 665 sunt.
953 602 1040 666 Et
1092 623 1132 665 a
1172 611 1350 686 tergo
1403 603 1473 665 in
1527 623 1711 666 muro
1766 600 2200 688 pugnantibus
2255 626 2471 690 super-

240 687 591 768 venientes,
635 684 835 750 multa
878 685 1073 750 caede
1126 687 1196 748 in
1253 687 1341 749 eis
1399 684 1730 751 debaccati
1787 696 1950 750 sunt.
2058 685 2166 750 Sic
2217 709 2470 774 quoque

240 769 487 834 factum
517 777 629 852 est,
672 778 747 834 ut·
772 778 834 833 et
860 767 1139 855 reliquus
1168 771 1481 834 exercitus
1510 770 1579 832 in
1595 780 1622 812 ἃ
1656 769 1838 834 litore
1867 769 2075 834 adhuc
2105 773 2469 855 persistens,

242 851 556 1001 cladssibus
598 853 895 939 pedester
922 853 1443 918 intromitteretur
1484 862 1887 938 casu-umque
1929 855 2292 939 repentinus
2331 877 2472 940 per-

239 959 333 1002 va
378 947 529 1002 eret.

652 1092 749 1158 78.
839 1090 1249 1158 Castrensesh
1296 1093 1467 1179 capti
1511 1093 1738 1182 [regi]¹‘
1783 1093 2066 1158 danturb.

415 1196 478 1258 A
558 1195 747 1259 uibus
776 1205 1130 1259 castrenses
1176 1197 1351 1280 capti
1380 1203 1442 1258 et
1470 1195 1627 1260 victi
1644 1207 1686 1277 ⁰,
1731 1217 1884 1258 mox
1912 1218 1980 1260 re
2027 1197 2051 1258 i
2080 1193 2275 1259 oblati
2304 1205 2472 1260 sunt.

242 1279 374 1342 Pro
434 1216 667 1364 qmqbus
726 1279 984 1342 coramd
1041 1300 1192 1362 rege
1256 1278 1338 1341 ab
1394 1280 1613 1342 amicis
1669 1279 1952 1344 oratione
2051 1280 2248 1361 abita,
2303 1278 2473 1344 facta

242 1362 385 1447 regi
413 1360 539 1426 fide
571 1362 818 1426 dimissi
848 1370 1013 1444 sunt,
1050 1384 1198 1425 cum
1226 1383 1355 1425 non
1382 1371 1628 1426 tantum
1663 1363 1795 1427 reie
1824 1365 2206 1427 maiestatis⁰
2235 1364 2469 1448 regiae,

246 1457 560 1532 quantum
578 1446 601 1488 f
649 1447 751 1510 sui
802 1446 1045 1510 domini
1095 1443 1313 1510 fideles
1372 1445 1627 1510 dicendi
1679 1456 1906 1510 essent.
2001 1445 2108 1510 Ad
2158 1447 2228 1510 id
2281 1449 2470 1511 etiam

243 1553 375 1595 non
418 1529 724 1616 perfidiae
778 1531 955 1613 vitio,
1012 1529 1126 1593 sed
1181 1528 1381 1593 multa
1434 1530 1665 1594 virtute
1717 1530 2028 1594 adductos
2086 1530 2476 1595 asserebant.

243 1615 371 1679 His
447 1637 597 1700 ergo
655 1612 951 1678 obsidum
1004 1615 1141 1677 iure
1207 1613 1502 1696 dimissiS,
1569 1622 1633 1678 et
1705 1623 1908 1678 castro
1964 1614 2218 1678 domino
2273 1615 2472 1700 priori

244 1697 515 1780 reddit0,
559 1698 863 1784 proditor,
910 1700 1091 1763 cuius
1136 1696 1281 1762 dolo
1324 1695 1690 1762 huiusmodi
1731 1698 2146 1762 inforttmium
2185 1699 2470 1779 accessit,

247 1805 405 1846 mox
447 1781 976 1867 comprehensus,
1036 1781 1381 1867 suspendio
1437 1804 1616 1846 secus
1675 1783 1864 1846 castri
1918 1793 2170 1867 portam
2223 1781 2476 1846 defecit.

245 1866 384 1930 Nec
449 1867 659 1942 minus
725 1866 859 1928 eius
921 1886 1111 1944 uxor,
1187 1866 1486 1928 inusitato
1553 1862 1810 1927 ludibrii
1887 1887 2119 1948 genere
2197 1864 2476 1950 pedibus

251 1971 579 2036 suspensa,
622 1949 872 2013 exuviis
917 1949 1413 2032 circumquaque
1472 1945 1896 2011 defluentibus
1949 1947 2214 2028 nudata,
2273 1951 2477 2012 atroci.

247 2034 375 2098 fine
416 2033 601 2097 iuxta
640 2032 852 2096 virum
901 2031 1155 2094 interiit.
1255 2029 1418 2094 Cum
1470 2029 1630 2093 haec
1683 2051 1722 2092 a
1767 2031 2061 2113 ebantur,
2121 2028 2266 2095 Odo
2325 2051 2474 2094 cum

250 2119 535 2183 exercitu
561 2115 734 2179 haud
762 2113 985 2199 procul
1010 2114 1105 2178 rei
1134 2123 1427 2177 eventum
1461 2052 1939 2199 opperiebatum
1982 2122 2157 2178 ratus
2195 2123 2472 2178 castrum

248 2224 288 2265 a
331 2203 463 2264 suis
506 2222 698 2286 posse
740 2206 960 2262 contra
1000 2197 1213 2261 hostes
1258 2196 1539 2279 defendi3
1595 2197 1858 2261 insidias
1911 2198 2308 2283 piratarum&
2362 2197 2472 2261 ali-

251 2285 619 2370 quantisper
662 2290 989 2366 suspectas
1031 2279 1293 2347 habens,
1378 2281 1555 2344 Dum
1612 2302 1764 2365 ergo
1821 2281 2046 2345 herens
2105 2281 2184 2346 de
2239 2291 2473 2346 eventu·

249 2375 519 2448 nutaret,
562 2365 798 2428 affuere
838 2365 1063 2444 nuntii,
1108 2364 1217 2450 qui
1261 2373 1539 2428 castrum
1583 2385 1659 2428 ca
1706 2375 1842 2428 tum
1882 2387 2156 2451 suosque
2187 2387 2472 2452 compre-

246 2451 479 2512 hensos
523 2459 587 2512 et
627 2449 897 2512 inermes
939 2447 1139 2512 factos
1182 2459 1552 2513 assererent.
1703 2470 1785 2511 uo
1829 2447 2065 2523 auditO,
2117 2449 2469 2514 exercitum

249 2553 382 2597 non
446 2553 650 2618 aequo
716 2531 926 2595 animo
992 2531 1075 2594 ad
1138 2553 1255 2595 sua
1316 2532 1600 2596 dimovit.
1707 2531 1830 2597 Oui
1895 2553 2042 2595 cum
2099 2555 2138 2596 a
2233 2532 2477 2596 uerulis.

250 2616 629 2701 quibusdam
691 2615 1149 2696 intenderetur,
1219 2625 1481 2700 propter
1551 2637 1697 2680 eum
1758 2617 1967 2680 virum
2031 2637 2184 2680 cons
2253 2639 2426 2680 arem
2440 2618 2474 2659 ¹¹⁴

246 2699 593 2784 suspendio
656 2701 976 2777 interisse,
1043 2698 1187 2764 Odo
1245 2698 1653 2784 respondisse
1707 2698 1933 2782 fertur,
1999 2722 2136 2766 sese
2193 2700 2465 2798 amplius

242 2783 450 2848 lesum
492 2805 750 2848 suorum
792 2783 1355 2869 comprehensione
1398 2804 1590 2867 quam
1634 2781 1974 2868 proditoris
2019 2784 2382 2869 suspendm.

497 2959 596 3024 79.
680 2959 873 3022 Rixai
919 2957 1164 3023 Odonis
1208 2967 1271 3022 et
1309 2957 1646 3022 Fulconisi
1691 2958 1772 3023 de
1812 2957 2212 3024 Brittanniai.

410 3059 547 3123 Nec
599 3059 797 3124 multo
857 3062 1043 3145 postk
1094 3058 1262 3124 bella
1319 3060 1528 3124 civilia
1583 3071 1876 3146 reparata
1937 3070 2101 3125 sunt.
2207 3060 2468 3125 Etenim

241 3141 559 3225 Ful001·1‚
606 3144 717 3228 qui
759 3165 981 3228 regum
1022 3143 1313 3227 partibus
1354 3142 1640 3224 favebat,
1687 3145 2036 3209 exercitum
2072 3147 2140 3208 in
2168 3144 2465 3208 Odonem

242 3227 532 3313 parabat,
591 3227 993 3312 quaesiturus
1048 3226 1129 3290 ab
1182 3248 1257 3292 eo
1310 3227 1705 3292 Brittanniae
1761 3237 2028 3312 partem,
2090 3248 2284 3310 quam
2334 3249 2464 3290 non

241 3310 440 3375 multo
484 3319 629 3374 ante
686 3312 746 3374 ei
762 3321 804 3351 ¹¹¹
859 3308 1223 3374 abstulerat.
1320 3309 1594 3394 Collegit
1639 3311 1854 3407 itaque
1907 3310 2104 3390 4000,
2171 3310 2280 3394 qui
2334 3331 2464 3372 non

243 3396 599 3458 comminus
643 3392 1075 3478 confligerent,
1119 3415 1192 3458 eo
1238 3393 1413 3490 quod
1454 3415 1675 3457 eorum
1717 3414 1885 3456 vlres
1916 3392 2204 3456 Odonisst
2243 3401 2463 3478 poten-

240 3479 410 3543 tiaen
452 3498 582 3541 non
626 3477 1004 3552 sufficerent,
1048 3477 1160 3540 sed
1218 3498 1354 3539 elus
1372 3487 1397 3518 ⁰
1449 3486 1684 3542 terram
1735 3475 2046 3540 incendiis
2103 3485 2168 3540 et
2217 3477 2460 3561 rapinis

240 3563 584 3628 afficerent.
668 3561 757 3626 Et
796 3561 1061 3626 tandiuv
1104 3559 1173 3624 id
1200 3558 1567 3625 faciendum
1596 3559 2038 3640 arbitrabatur,
2082 3559 2285 3624 donec
2315 3559 2460 3626 Odo

240 3656 353 3711 aut
417 3646 589 3712 tedio
652 3647 857 3709 victus
921 3644 1215 3710 redderet
1272 3652 1383 3707 aut
1432 3665 1552 3728 pro
1607 3667 1683 3708 ea
1743 3643 1932 3707 aliam
1987 3665 2117 3707 non
2172 3645 2462 3730 inparem

241 3729 608 3795 conferret‘l.
692 3730 969 3815 Preceps
1010 3729 1226 3814 itaque
1266 3727 1465 3792 fertur
1513 3737 1872 3814 terramque
1922 3727 2138 3813 predis
2147 3740 2198 3811 ¹¹,
2242 3749 2468 3793 manu—

355 3927 401 3981 a)
433 3931 485 3970 in
514 3931 662 3980 primo
695 3930 737 3969 1.
862 3925 911 3980 b)
943 3937 1091 3978 enseS,
1122 3928 1141 3967 1
1169 3926 1347 3980 regist),
1378 3929 1485 3967 ntur
1513 3927 1626 3966 abac.
1777 3925 1820 3978 c)
1851 3927 1996 3968 vincti
2034 3928 2249 3978 kqmawm
2277 3928 2460 3970 videtur.

238 3987 286 4041 ᾱ)
319 3990 377 4028 ab
409 3999 452 4031 a..
486 3999 525 4031 6.
557 4001 593 4030 r.
628 3991 671 4031 1.
787 3984 831 4037 e)
864 3987 1133 4035 magestatis
1162 3987 1290 4046 regie
1319 3986 1389 4026 rel
1421 3989 1463 4027 1.
1583 3983 1620 4038 f)
1651 3996 1674 4026 ο
1701 3997 1814 4028 corr.
1933 3984 1982 4038 g)
2013 3987 2046 4030 i.
2076 3990 2254 4027 tantum
2282 3997 2329 4036 p.
2363 3997 2400 4027 s.
2418 3989 2472 4028 1-

237 4047 287 4100 h)
316 4036 397 4089 ’θ’-0·
426 4060 459 4088 0.
588 4045 624 4099 1)
659 4058 703 4099 a,
730 4045 1001 4098 roncone),
1030 4049 1113 4084 tan
1140 4045 1253 4088 abeo.
1384 4042 1433 4096 k)
1464 4047 1570 4095 post
1600 4047 1646 4085 et
1677 4047 1716 4087 1.
1865 4043 1901 4096 1)
1932 4046 1984 4086 r.
2015 4057 2051 4087 ο.
2202 4043 2268 4100 m)
2298 4045 2390 4086 sibi
2419 4047 2460 4086 ι.

238 4104 289 4158 n)
314 4111 418 4158 poet
446 4107 545 4147 aad.
666 4104 711 4158 ο)
744 4104 799 4148 0.
832 4107 873 4146 1.
992 4103 1041 4156 p)
1073 4105 1160 4144 hoc
1190 4109 1221 4146 t.
1255 4106 1295 4146 1.
1414 4101 1460 4154 q)
1493 4104 1707 4146 redderet
1738 4105 1777 4146 1.

389 4236 447 4306 1)
488 4238 681 4291 Comes
718 4237 1145 4303 Andegavensis.
