3059 4834
482 451 582 494 920.

332 2309 341 2324 ,
388 2266 465 2322 ἰ).
488 2271 591 2312 576.

618 269 683 317 16
1128 260 1431 319 RICHERI
1468 267 1973 320 HISTORIARUM
2011 267 2235 320 LIBER
2274 269 2318 320 1.

604 435 924 502 dilabitur.
1011 436 1141 517 Qui
1181 455 1331 500 vero
1374 444 1810 500 remanserant
1836 436 2009 519 victi,
2051 437 2252 522 portis
2295 459 2450 502 mox
2477 436 2844 522 patefactis,

601 517 1088 605 metropolitano
1132 518 1387 605 cedunt.
1472 519 1715 608 Eisque
1760 520 2008 601 eiectiS,
2065 542 2212 585 suos
2254 522 2349 587 ibi
2391 521 2688 608 deposuit
2759 543 2843 588 ac

600 604 679 669 de
725 612 855 670 toto
900 626 1067 690 pago
1112 601 1526 710 Erlebaldum
1567 603 1910 689 profugum
1955 604 2358 671 disturbavit.

677 747 777 812 20.
861 745 968 810 Ad
1009 745 1260 809 Renum
1278 753 1305 785 ²
1347 750 1569 806 mutua
1620 743 1843 842 petitio
1861 753 1888 785 ²
1929 764 2006 808 ac
2051 744 2341 808 comitisa
2383 742 2753 810 Erlebaldia

1591 847 1847 891 occisio.

763 934 907 998 Rex
946 933 1015 995 in
1056 951 1297 1017 pagum
1326 928 1868 1011 warmacensem,
1909 927 2238 994 locuturus
2267 931 2570 995 Heinrico
2600 931 2840 996 Trans-

597 1017 920 1098 rhenensi,
980 1023 1440 1079 concesserat&
1526 1013 1675 1076 Huc
1737 1035 1993 1100 quoque
2034 1011 2414 1080 Erlebaldus
2472 1035 2684 1080 comes
2727 1013 2841 1079 ad-

598 1102 792 1183 venit,
836 1098 1013 1185 apud
1051 1120 1272 1183 regem
1315 1095 1772 1182 deploraturuS,
1817 1120 1856 1164 a
1899 1098 2310 1164 Remensium
2353 1097 2838 1183 metropolitano

601 1208 739 1251 sese
779 1184 1141 1248 immaniter
1182 1180 1490 1246 habitum.
1577 1181 1918 1246 Heinricus
1982 1204 2022 1247 a
2069 1182 2157 1248 ud
2198 1205 2414 1269 regem
2458 1181 2576 1248 de*
2618 1205 2838 1247 rerum

600 1267 1121 1356 dispositionibus
1150 1263 1516 1330 fidelissime
1547 1274 1684 1329 sata
1731 1265 1895 1342 ebat.
2041 1267 2107 1330 ui
2147 1267 2242 1331 rei
2286 1289 2432 1331 cum
2489 1267 2840 1331 admodum

598 1354 983 1435 intenderet,
1051 1353 1517 1416 Germanorum
1577 1348 1639 1414 G
1727 1372 2036 1437 orumque
2102 1351 2364 1416 iuvenes
2428 1349 2792 1450 linguarum
2808 1353 2837 1394 ¹²

600 1437 947 1502 idiomateh
993 1435 1237 1512 offensi,
1280 1445 1353 1498 ut
1394 1455 1616 1499 eorum
1657 1456 1797 1501 mos
1843 1444 1957 1518 est,
2002 1457 2150 1499 cum
2192 1435 2394 1499 multa
2435 1435 2838 1500 ammositate

601 1520 953 1587 maledictis
1020 1541 1159 1584 sese
1218 1518 1517 1583 lacessire
1536 1530 1560 1559 0
1618 1527 1981 1603 coeperunt.
2103 1518 2521 1605 Consertique
2587 1517 2837 1606 gladios

604 1615 891 1686 exerunt,
935 1625 1011 1667 ac
1054 1603 1167 1669 sed
1210 1603 1442 1682 adorsi,
1484 1599 1797 1666 loetaliter
1839 1603 2144 1669 sauciant.
2240 1604 2318 1667 In
2363 1625 2488 1689 quo
2543 1601 2842 1686 tumultu,

604 1711 748 1753 cum
792 1689 874 1754 ad
916 1688 1093 1752 litem
1137 1684 1485 1751 sedandam
1514 1684 1892 1752 Erlebaldus
1923 1709 2136 1752 comes
2167 1687 2519 1769 accederet,
2563 1710 2602 1752 a
2631 1687 2842 1754 furen-

604 1773 773 1838 tibus
817 1773 1068 1836 occisus
1113 1779 1227 1836 est.
1310 1770 1455 1835 Rex
1497 1769 1928 1855 proditionem
1969 1779 2163 1854 ratus,
2211 1772 2388 1836 ocius
2432 1771 2638 1856 surgit
2682 1773 2842 1837 suis-

606 1879 729 1943 que
789 1859 1078 1944 stipatur.
1173 1855 1519 1918 Heinricus
1579 1876 1729 1918 vero
1796 1853 2012 1920 dolum
2036 1857 2096 1887 ''¹²'‘
2163 1855 2510 1939 arbitrans,
2571 1854 2843 1923 classem

602 1943 832 2028 repetit
862 1950 1055 2026 atque
1086 1961 1125 2002 a
1152 1938 1345 2024 regiis
1376 1937 1790 2023 stipatoribus
1819 1939 2113 2004 Rhenum
2155 1941 2424 2006 transire
2467 1940 2719 2028 cogitur
2733 1941 2842 2003 ***.

602 2025 1117 2092 Existimabam
1163 2025 1332 2088 enim
1376 2022 1479 2085 hie
1525 2022 1637 2109 qui
1688 2023 1825 2149 regi
1868 2023 2291 2088 assistebant⁰
2310 2072 2326 2105 ,
2391 2045 2538 2088 eum
2580 2024 2649 2087 in
2692 2022 2841 2089 dolo

604 2111 873 2175 venisse.
957 2108 1019 2172 A
1068 2130 1193 2195 quo
1235 2107 1425 2173 etiam
1470 2116 1756 2193 tempore
1835 2107 2074 2172 Karolo
2118 2108 2381 2173 infestus
2423 2107 2764 2172 ferebatur.

607 2249 741 2314 *21.
827 2248 1290 2314 Desertorumg
1346 2245 1568 2313 dolosa
1610 2247 1792 2333 regis
1833 2246 2074 2312 Karolo
2129 2246 2458 2334 persuasio
2503 2245 2583 2313 de
2625 2246 2842 2332 Haga-

1401 2334 1630 2398 nonis&
1671 2331 2045 2397 abiectione.

772 2436 943 2500 Hinc
1008 2437 1221 2521 itaque
1284 2434 1620 2516 HeinricO,
1705 2433 1856 2498 inde
1923 2435 2228 2499 Rotberto
2302 2433 2462 2498 duce
2515 2432 2792 2500 Karolus
2809 2435 2842 2476 ¹¹

605 2521 970 2604 urgebatur.
1058 2520 1423 2616 Factusque
1452 2540 1674 2585 eorum
1706 2517 1976 2599 medius,
2019 2519 2341 2604 utrimque
2370 2516 2778 2603 premebatur
2793 2529 2840 2580 ,².

608 2605 766 2668 Post
814 2605 973 2670 haec
1040 2602 1122 2667 ad
1176 2603 1479 2667 interiora
1536 2599 1836 2686 Belgicae
1891 2601 2177 2685 redienS‚
2235 2602 2396 2668 urbe
2455 2600 2882 2668 Suessonica·

612 2709 748 2784 sese
800 2687 1059 2773 recipit,
1126 2685 1393 2751 multam
1449 2685 1564 2750 exi
1617 2683 1984 2784 liuiusmodi
2037 2685 2382 2784 ipsortunio
2457 2685 2631 2784 apud
2689 2707 2840 2752 suos

610 2778 859 2856 agltans
904 2769 1285 2856 quaerelam.
1370 2769 1521 2833 Huc
1567 2779 1758 2839 etiam
1794 2791 1876 2836 ex
1903 2769 2166 2854 Belglca
2209 2792 2335 2856 quo
2368 2767 2650 2837 Celticae
2694 2777 2834 2834 coh-

612 2852 840 2918 limitat
881 2865 1074 2940 atque
1118 2877 1202 2919 ex
1255 2853 1503 2920 Celtica
1543 2853 1865 2952 principes
1923 2852 2208 2921 nonnulli
2262 2853 2606 2920 confluunt.
2709 2853 2840 2918 Sed

614 2949 676 3003 et
717 2937 1061 3004 Rotbertus
1105 2938 1241 3002 dux
1282 2939 1513 3025 propin
1561 2960 1702 3003 uior
1743 2939 1980 3020 factuS‚
2037 2937 2358 3037 Stampis³
2422 2960 2560 3004 sese
2611 2938 2842 3024 recipit
2933 2952 2938 2960 ’

614 3044 691 3087 ac
732 3022 815 3086 ad
870 3023 1176 3109 palatium
1220 3021 1463 3108 legatos
1565 3022 1738 3108 irigit
1753 3071 1769 3106 ,
1822 3020 2061 3108 regalia
2101 3033 2358 3110 negotia
2408 3021 2558 3088 inde
2618 3044 2839 3108 exper-

761 3182 806 3252 ')
848 3186 914 3237 de
953 3188 1201 3238 amicicia
1239 3188 1379 3238 inter
1416 3203 1474 3239 se
1512 3187 1766 3240 habenda
1789 3187 2073 3256 plurimum
2096 3186 2400 3252 satagebat.
2467 3186 2567 3238 Cui
2599 3187 2676 3246 rei
2717 3202 2836 3246 cum

854 3265 1073 3326 uterque
1114 3259 1254 3311 adm.
1293 3261 1329 3310 i.
1375 3261 1433 3324 13
1472 3277 1608 3314 corr.
1649 3260 1700 3312 2.

737 3330 810 3399 **)
849 3351 1023 3385 rerum
1060 3336 1273 3385 nescius
1315 3332 1381 3384 cl.
1424 3336 1481 3400 13
1520 3350 1654 3385 corr.
1696 3335 1748 3384 2.

714 3403 811 3474 ***)
854 3409 972 3470 Qua
1010 3407 1097 3532 ἓίοῗ
1138 3407 1280 3532 xliihioll
1310 3409 1648 3532 {sozom-diae,
1689 3407 1822 3458 nihil
1860 3408 2225 3458 amiciciarum
2270 3407 2408 3456 inter
2457 3421 2547 3458 eos
2597 3405 2832 3458 habitum

856 3488 937 3533 est
976 3499 1009 3530 a
1089 3517 1102 3531 .
1189 3499 1202 3544 ς
1282 3498 1307 3533 e
1332 3519 1345 3533 .
1427 3523 1438 3534 .

736 3607 781 3658 a)
814 3607 887 3648 Ad
917 3609 972 3659 R,
1004 3621 1051 3662 p,
1082 3610 1140 3649 tis
1171 3611 1209 3649 Ε
1242 3611 1353 3652 abac.
1476 3606 1523 3660 b)
1557 3609 1588 3650 1.
1621 3609 1652 3650 i.
1687 3619 1728 3649 ο.
1760 3609 1808 3647 in
1837 3619 2000 3658 mar9,;
2062 3609 2178 3659 ling,
2210 3618 2286 3648 ma
2316 3607 2458 3658 σώςας
2509 3610 2574 3658 ut,
2607 3617 2647 3652 e.
2678 3617 2739 3646 m.
2774 3611 2842 3648 est

618 3669 705 3707 iam
735 3672 863 3706 antea
894 3669 993 3709 add.
1117 3666 1158 3719 c)
1191 3669 1414 3719 impetere
1448 3671 1488 3710 1.
1535 3667 1585 3708 C.
1619 3668 1681 3718 gl.
1727 3678 1798 3708 ex.
1835 3668 1860 3706 2
1907 3668 1954 3706 in
1985 3669 2075 3706 loco
2107 3678 2226 3707 raso.
2375 3665 2421 3718 d)
2455 3676 2504 3706 se
2543 3671 2696 3716 postea
2727 3667 2838 3714 add„

611 3731 713 3776 poet
742 3727 853 3766 loet.
885 3727 963 3769 del.
1055 3724 1098 3778 e)
1130 3727 1218 3769 Ex.
1240 3750 1289 3757 —-
1308 3729 1490 3768 venisse
1508 3727 1534 3766 2
1565 3727 1613 3766 in
1638 3737 1806 3776 mar9.;
1837 3727 1962 3777 Extis,
1995 3727 2056 3778 hi,
2087 3726 2201 3765 bant
2230 3725 2342 3766 absc.
2461 3723 2498 3777 f)
2531 3723 2601 3766 Ab
2635 3736 2689 3765 eo
2733 3737 2841 3775 quo-

618 3797 706 3835 que
752 3789 784 3825 t.
826 3785 1072 3826 Heinricus
1116 3787 1173 3826 K.
1207 3789 1255 3837 13
1316 3799 1429 3829 corr.
1464 3787 1505 3828 2.
1629 3785 1675 3837 g)
1703 3787 1841 3835 Dese,
1879 3785 1994 3836 reg-1,
2027 3785 2083 3825 de
2114 3782 2171 3826 H.
2205 3785 2316 3824 abac.
2435 3782 2484 3835 h)
2516 3785 2572 3827 K.
2609 3789 2709 3834 post
2741 3786 2837 3826 add.

618 3843 651 3896 i)
686 3855 714 3884 a
742 3856 857 3886 corr.
879 3855 951 3885 ex.

768 3960 825 4028 1)
868 3961 949 4013 cf.
986 3960 1275 4013 Flodoard.
1331 3960 1459 4026 1.1.,
1522 3959 1612 4024 qui
1671 3957 1737 4009 de
1793 3958 1938 4011 bello
1991 3963 2175 4020 contra
2222 3957 2534 4016 Heinricum
2593 3963 2839 4023 suscepto

618 4035 869 4102 loquitur.
944 4034 1116 4099 Igitur
1153 4049 1290 4099 qnae
1327 4033 1418 4084 hic
1456 4037 1733 4097 narrantur
1781 4031 2027 4090 fabulosa
2065 4046 2182 4083 esse
2215 4036 2385 4096 patet.
2536 4031 2594 4098 2)
2633 4031 2841 4092 Similia

619 4111 673 4158 in
711 4107 832 4161 loco
870 4113 993 4176 post
1031 4106 1208 4158 deleto
1248 4105 1319 4173 (c.
1360 4107 1431 4157 40
1467 4107 1547 4169 n.)
1597 4105 1664 4155 de
1717 4103 2020 4166 Gisleberto
2070 4110 2124 4155 et
2167 4104 2400 4156 Roberto
2439 4105 2638 4171 scripta
2677 4109 2840 4157 erant.

620 4183 769 4244 Quae
797 4181 903 4233 alio
930 4185 1224 4232 atramento
1250 4183 1305 4230 in
1336 4180 1445 4230 alia
1469 4180 1656 4230 charta
1683 4183 1898 4230 exarata
1923 4178 2110 4245 prioris
2137 4177 2452 4235 nari-ationis
2489 4177 2841 4244 fragmentum

622 4271 755 4318 esse,
789 4254 1127 4307 statuendum
1167 4261 1261 4308 est.
1411 4251 1469 4320 3)
1507 4253 1782 4319 EtampeS.
2815 4283 2818 4286 <

2939 4185 2963 4310 ἐ

2855 4320 2956 4674 Ῑ

2879 4711 2906 4806 Ι
2957 4802 2962 4805 ,
