3059 4834
706 276 1016 329 RICHERI
1052 276 1562 330 HISTORIARUM
1597 275 1821 328 LIBER
1857 275 1935 328 11.
2378 276 2447 326 6⁷

264 447 298 477 *
316 443 420 510 57·
487 443 826 525 Quomodo
871 443 1066 529 pauci
1106 445 1370 508 iuvenes
1386 452 1415 484 ²¹
1455 464 1654 508 naves
1698 465 1738 507 a
1780 443 1942 508 duce
1958 453 1985 485 ¹¹
2028 440 2375 507 subductas
2464 457 2565 531 ³24⁶·

435 538 595 614 pera
638 528 943 592 astutiam
959 537 986 569 ¹¹
1027 528 1331 612 repetitas
1345 536 1372 568 ἃ
1417 527 1725 591 exercitui
1767 525 2151 592 adduxerint
2168 535 2213 588 a,
2497 528 2545 567 p.
2566 517 2669 558 600.

377 649 540 713 Dux
562 661 583 694 1
627 668 781 712 vero
827 669 1048 712 eorum
1101 649 1415 733 impetum
1469 648 1887 732 presentiam,
1942 668 1982 710 a
2022 645 2204 710 litore
2248 644 2443 709 hosti·

191 732 333 799 bus
380 733 684 817 contiguo
727 753 845 817 per
886 731 970 794 20
997 729 1269 796 miliaria
1297 751 1518 795 omnes
1548 753 1745 795 naves
1772 729 2441 876 ’abduciApreceperan

189 841 286 882 ne
331 815 718 881 adversariis
760 813 1129 879 transeundi
1159 814 1579 880 commoditas
1605 824 1956 899 pararetur.
2090 821 2118 877 t
2142 811 2440 876 frustrato

193 903 350 968 eius
397 897 680 980 consilio,
725 897 922 964 multo
962 897 1144 963 aliter
1179 899 1550 985 provenisse
1578 908 1801 962 notum
1842 907 1963 962 est.
2019 897 2189 960 Nam
2218 893 2439 958 decem

193 1005 479 1050 numero
533 985 814 1064 iuvenes,
913 983 1102 1049 uibus
1161 983 1476 1047 constanti
1533 991 1745 1047 mente
1788 982 1993 1045 fixum
2036 989 2172 1044 erat
2214 980 2439 1042 omneb

251 1067 569 1136 ericulum
628 1064 860 1148 subire,
949 1066 1193 1131 abitum
1252 1066 1595 1131 militarem
1646 1067 1715 1129 in
1777 1065 2187 1151 peregrinum
2244 1071 2441 1126 trans-

225 1160 574 1234 ormantes,
604 1172 790 1236 reges
819 1160 1258 1235 prevenerant,
1291 1148 1803 1215 obsecrationum
1830 1158 1981 1214 vota
2010 1147 2379 1212 simulantes
2390 1147 2437 1208 *.

198 1234 530 1324 Sportulis
572 1236 662 1300 ita
707 1256 790 1298 ue
845 1235 928 1299 ab
979 1233 1246 1298 humero
1306 1231 1835 1320 dependentibus,
1891 1231 2141 1296 ferratis
2191 1227 2440 1294 baculis

195 1319 586 1409 procedunt.
716 1318 1089 1404 abitumque
1118 1319 1366 1382 mentiti
1395 1319 1823 1404 peregrinum,
1866 1316 2093 1381 urbem
2122 1313 2440 1378 Parisium

196 1426 358 1470 cum
418 1402 718 1489 Sequana
771 1400 1074 1488 pontibus
1129 1410 1591 1487 pertranseunt.
1698 1399 1926 1465 Nullus
1984 1401 2077 1464 eis
2134 1396 2439 1462 molestus

196 1489 440 1553 extitit.
529 1485 653 1550 *Ac
681 1485 868 1550 litora
895 1484 1230 1568 exteriora,
1276 1483 1506 1584 quibus
1536 1507 1733 1549 naves
1761 1483 2157 1564 tenebantur,
2192 1489 2439 1566 petunt.
2458 1500 2476 1521 ⁸
2492 1503 2575 1550 τοι.
2602 1505 2675 1548 24.

198 1573 447 1658 Sicque
509 1571 580 1633 in
641 1569 989 1655 hospitium
1051 1570 1340 1632 farinani
1403 1569 1737 1633 cuiusdam
1754 1581 1777 1614 ²
1836 1567 2240 1648 divertentes,
2300 1585 2439 1629 sese

197 1657 414 1742 gratia
455 1653 707 1719 visendi
761 1662 1126 1718 sanctorum
1177 1652 1322 1716 loca
1379 1675 1462 1717 ex
1505 1653 1797 1717 citeriore
1838 1651 2021 1716 litore
2038 1663 2063 1694 ⁰
2105 1649 2439 1714 advenisse

196 1739 500 1804 referunt.
587 1738 956 1802 Farinarius
998 1738 1262 1801 iuvenes
1304 1736 1617 1802 formosos
1660 1737 1729 1799 in
1764 1735 1989 1800 habitu
2013 1733 2163 1799 licet
2190 1731 2440 1796 abiecto

200 1822 637 1904 consideranS,
680 1821 1028 1906 hospitium
1072 1830 1398 1905 gratanter
1439 1819 1884 1886 accommodat
1925 1829 1988 1884 et
2024 1819 2293 1902 insuper
2330 1837 2439 1880 eos

198 1907 422 1971 mitius
452 1914 652 1970 curat.
717 1905 847 1984 Qui
874 1903 1166 1969 fraudem
1197 1904 1506 1986 meditati,
1549 1924 1845 1968 nummos
1876 1902 2047 1985 dant,
2090 1901 2439 1998 vinumque

202 1991 490 2072 mercati,
555 1989 876 2074 hospitem
938 1988 1276 2053 inebriant.
1360 1988 1448 2053 Et
1510 1988 1603 2053 sic
1667 1996 1868 2052 totam
1932 1986 2104 2051 diem
2161 1982 2440 2048 convivii

202 2074 596 2140 iocunditate
655 2082 1056 2137 consumunt.
1162 2072 1435 2138 Iuvenes
1498 2073 1819 2156 hospitem
1873 2071 2024 2136 vino
2086 2066 2438 2133 faciliorem

203 2158 628 2239 advertentes,
673 2155 846 2243 quod
891 2157 951 2221 ei
993 2157 1078 2221 sit
1119 2157 1402 2220 officium
1449 2163 1965 2242 percunctantur.
2050 2151 2165 2218 Ille
2207 2150 2437 2216 farina-

202 2243 375 2306 rium
433 2241 613 2305 sesed
673 2249 1004 2305 memorat.
1111 2239 1200 2304 At
1261 2239 1353 2304 illi
1415 2240 1758 2340 prosecuti,
1825 2240 1880 2303 si
1944 2237 2099 2324 quid
2162 2233 2438 2320 amplius

202 2326 430 2410 possit,
472 2326 880 2408 interrogant.
967 2322 1082 2388 Ille
1127 2324 1318 2388 etiam
1375 2332 1766 2409 p1scatorum
1817 2322 1999 2387 ducis
2056 2343 2122 2384 m
2213 2319 2435 2383 ‘strum

205 2431 277 2472 se
321 2408 564 2489 asserit,
609 2417 673 2472 et
714 2429 798 2470 ex
850 2407 1111 2472 navium
1169 2406 1760 2472 accommodatione
1819 2414 2113 2494 questum
2221 2403 2436 2487 ’quem

205 2490 334 2556 sibi
375 2491 618 2558 adesse.
683 2489 788 2556 Illi
838 2513 1015 2556 vero:
1075 2491 1452 2573 ‘Quoniam',
1511 2492 1826 2578 inquiunt,
1884 2485 2434 2554 ‘humanissimum

201 2575 390 2640 nobis
434 2584 497 2640 te
553 2575 930 2657 invenimus,
987 2597 1093 2640 am
1140 2575 1302 2640 liora
1359 2576 1553 2640 etiam
1611 2597 1648 2640 o
1697 2583 1925 2639 tamus.
2008 2571 2197 2639 Unde
2252 2577 2334 2650 et,
2380 2569 2435 2631 si

204 2658 512 2745 quiddam
552 2657 740 2724 nobis
783 2658 999 2740 facias,
1055 2661 1086 2722 1
1179 2658 1414 2724 solidos
1454 2681 1574 2724 nos
1617 2682 1657 2723 a
1703 2667 1999 2743 egaturos
2041 2654 2435 2743 pollicemur,

203 2751 274 2808 ut
333 2742 674 2809 videlicet⁰
731 2751 908 2808 trans
963 2741 1231 2808 fluvium
1293 2764 1410 2807 nos
1474 2743 1727 2821 evehas,
1793 2764 1869 2807 eo
1978 2740 2105 2807 uod
2168 2737 2431 2804 ulterius

202 2828 546 2913 procedere
601 2835 851 2892 oratum
905 2849 1316 2913 nequeamus,
1375 2828 1620 2892 itineris
1675 2825 1783 2890 lon
1832 2763 2070 2890 'mame
2143 2821 2432 2920 fatigati'.

203 2909 292 2976 At
316 2911 566 2998 bospite
602 2910 1048 2996 respondente,
1081 2910 1260 2975 ducis
1291 2909 1502 2975 edicto
1528 2931 1726 2975 naves
1756 2932 1795 2976 a
1867 2911 2169 2974 interiora
2186 2908 2209 2950 f
2244 2904 2433 2969 htora

203 3004 437 3081 raptas,
479 3017 562 3058 ne
608 2994 946 3060 Germanis
989 2993 1488 3081 irrumpentibus
1533 3002 1751 3080 pateat
1791 3015 2105 3075 accessus,
2148 2990 2241 3055 illi
2275 2998 2431 3053 tem-

203 3099 359 3226 ffire
399 3088 704 3144 nocturno
757 3077 999 3226 absque
1055 3077 1374 3143 calumnia
1427 3077 1495 3142 id
1552 3078 1691 3142 fieri
1792 3099 1933 3142 osse
1987 3083 2429 3162 prosecuntur.

283 3185 318 3226 e
354 3163 664 3247 pecuniae
709 3163 858 3248 cupi
903 3185 998 3244 us,
1042 3161 1304 3228 naulum
1333 3162 1568 3248 accipit
1610 3183 1688 3226 ac
1760 3183 1795 3225 e
1824 3161 2141 3247 patrando
2169 3181 2251 3224 ne
2300 3158 2429 3222 otio

205 3244 397 3310 fidem
439 3245 567 3310 dat.
652 3246 803 3310 Nox
845 3246 1042 3310 affuit.
1134 3247 1407 3312 Iuvenes
1434 3247 1845 3330 >promissum
1896 3244 2032 3308 fieri
2083 3266 2201 3330 pos
2298 3250 2425 3306 ant.

205 3328 319 3394 Ille
347 3351 522 3412 mox,
565 3339 895 3415 assumpto
936 3351 1135 3415 puero
1178 3331 1496 3415 privignO,
1542 3349 1686 3391 cum
1729 3326 2067 3392 iuvenibus
2108 3329 2177 3390 in
2219 3324 2425 3390 noctis

204 3422 512 3498 tempesta
539 3412 624 3477 ad
650 3436 852 3479 naves
887 3424 1209 3499 properat.
1277 3412 1681 3479 comitantur
1698 3422 1727 3465 8
1768 3419 1877 3475 etss
1916 3411 2197 3475 iuvenes.
2263 3407 2431 3490 Qui&

208 3496 604 3562 solitudinem
629 3498 938 3579 videntes,
981 3519 1251 3584 puerum
1293 3505 1551 3582 raptum
1593 3496 1661 3558 in
1695 3492 2003 3558 fluentum
2032 3491 2428 3578 demergunt.

207 3579 542 3667 Hospitem
583 3603 734 3646 vcro
795 3580 1068 3646 clamare
1118 3582 1424 3645 nitentem
1478 3587 1734 3666 gutture
1788 3575 2115 3643 invadunt.
2214 3576 2428 3666 Atque

343 3776 394 3846 ²⁸)
432 3779 590 3843 Quod
629 3786 685 3833 et
718 3781 884 3833 fertur
921 3779 1184 3832 Bet-nardi
1223 3780 1432 3831 comitis
1471 3780 1668 3831 astutia
1708 3779 2021 3846 dispositum
2062 3778 2191 3831 add.
2227 3780 2278 3832 1.

318 3957 363 4013 a)
394 3963 488 4014 inv,
520 3972 549 4003 a
579 3962 624 4014 d,
653 3972 738 4012 per
769 3973 811 4015 a,
839 3964 926 4014 tas,
959 3962 1018 4002 ad
1049 3961 1161 4003 abeo.
1282 3957 1330 4012 b)
1365 3961 1490 4000 omni
1519 3961 1731 4010 periculo
1765 3962 1805 3999 1.
1914 3958 1956 4012 c)
1990 3972 2049 4002 ex
2069 3972 2107 4002 c.
2128 3961 2162 4002 1.
2193 3960 2242 4000 in
2271 3969 2425 4013 marm,

205 4021 318 4062 itere
345 4022 462 4063 abac.
568 4019 616 4072 d)
649 4031 698 4062 se
733 4023 774 4063 1.
881 4018 926 4072 e)
957 4024 1164 4071 tempore
1195 4023 1425 4061 nocturno
1455 4019 1557 4059 aad.
1592 4020 1633 4062 1.
1735 4015 1773 4071 f)
1805 4023 1947 4060 exter.
1984 4023 2024 4061 1.
2135 4018 2181 4071 g)
2204 4024 2305 4070 poet
2326 4019 2427 4064 aad.

345 4175 404 4245 1)
441 4178 528 4230 De
566 4179 652 4230 his
681 4178 818 4231 nihil
841 4177 1196 4231 Flodoardus.
1346 4173 1406 4244 2)
1443 4176 1530 4228 De
1556 4175 1965 4238 molendinario,
2004 4177 2427 4230 molendinorum

206 4251 481 4318 Sequanae
533 4252 774 4316 custode,
828 4252 898 4304 cf.
951 4252 1118 4304 Gesta
1157 4251 1432 4304 consulum
1482 4248 1957 4316 Andegavensium
2008 4266 2129 4317 cap.
2175 4250 2225 4301 6.
2282 4251 2343 4302 Ρ.

1879 4335 1965 4399 5*
