3059 4834
701 287 1006 340 RIC'HERI
1044 290 1545 345 HISTORIARUM
1582 295 1803 348 LIBER
1840 299 1975 350 IIII.
2335 304 2436 353 129

223 452 584 537 episcopus,
625 454 816 518 homo
862 457 1143 520 omnium
1187 480 1342 544 quos
1386 471 1553 525 terra
1595 464 1861 529 sustinet
1897 465 2433 552 sceleratissimuS,
2456 498 2559 542 sss.

227 546 588 624 contempto
646 538 844 623 patris
902 541 1027 605 mei
1082 542 1371 627 imperio,
1427 543 1648 611 Ottoni
1695 548 2090 615 Francorum
2145 552 2311 618 hosti
2368 556 2433 618 in

223 620 522 684 omnibus
563 620 740 686 favit.
823 619 921 687 Eo
967 638 1346 710 cooperante
1377 626 1528 693 Otto
1574 632 1920 696 exercitum
1948 634 2130 698 nobis
2161 636 2429 703 induxit.

224 704 388 769 Eius
445 704 790 769 subtilitate
836 705 1074 771 Gallias
1132 709 1556 795 depopulatus
1614 724 1727 778 est.
1812 716 1910 779 Eo
1954 718 2195 783 itineris
2239 720 2431 787 duces
2496 760 2501 763 ·

221 797 565 872 prestante,
607 788 968 877 indempnis
1009 814 1156 855 cum
1195 795 1478 860 exercitu
1503 796 1708 861 rediit.
1795 800 1924 879 Qui
1952 812 2023 866 ut
2048 824 2285 889 poenas
2314 826 2429 890 pro

28 878 39 1015 ἑ
219 880 401 935 tanto
446 873 780 937 commisso
825 873 1046 957 solvat,
1100 897 1376 963 aequum
1418 890 1482 944 et
1532 880 1683 945 utile
1725 882 1979 949 videtur
1991 896 2035 967 ἃ,
2095 890 2428 971 quatinusb

221 954 556 1103 peistilftaente
599 977 960 1041 compresso
1003 968 1208 1025 metus
1249 961 1578 1028 adoriendi
1619 964 1769 1030 talia
1818 966 2173 1054 quibusque
2218 973 2430 1055 pravis

221 1062 291 1102 m
319 1060 423 1105 era
450 1062 527 1102 ur
557 1087 572 1103 .
2256 1100 2263 1107 .

28 1136 31 1269 j
393 1143 449 1206 3.
539 1141 736 1208 Cuius
765 1146 980 1209 'oratio
1012 1147 1138 1209 vim
1181 1147 1485 1213 suadendi
1512 1172 1637 1213 non
1681 1150 1921 1234 habuit,
1965 1175 2039 1217 eo
2084 1154 2253 1240 quod
2283 1178 2431 1241 sug-

221 1224 614 1323 gestionibus
657 1226 968 1291 malorum
1009 1229 1076 1292 in
1119 1252 1434 1295 summum
1511 1234 1827 1299 ontificem
1865 1237 2176 1321 efferatuS,
2218 1249 2430 1323 preter

221 1318 459 1373 lustum
517 1310 730 1396 aliqua
783 1311 1046 1397 indigna
1099 1314 1337 1379 dixisse
1380 1317 1444 1379 vi
1493 1328 1719 1382 eretur.
1805 1321 1929 1383 Pro
1986 1330 2164 1405 parte
2215 1330 2427 1387 tamen

219 1393 282 1457 ei
321 1392 565 1457 fautum
612 1402 722 1471 est,
773 1417 889 1480 pro
932 1405 1110 1481 parte
1152 1420 1304 1464 vero
1349 1421 1785 1488 suppressum3
1839 1404 1928 1467 ita
1970 1413 2198 1486 tamen,
2254 1414 2323 1470 ut
2366 1417 2428 1471 et

219 1479 355 1561 regi
395 1478 627 1541 iniuria
669 1500 796 1541 non
839 1480 1018 1544 fieret
1059 1489 1121 1543 et
1165 1484 1341 1566 operi
1383 1486 1621 1548 nefario
1642 1496 1665 1528 ⁰
1710 1485 1843 1549 dux
1870 1508 1998 1550 non
2030 1491 2424 1555 consentiens

219 1572 488 1647 pareret.
573 1562 715 1626 Rex
763 1571 937 1626 tanto
992 1565 1205 1627 animo
1261 1588 1526 1655 preceps
1583 1570 1649 1631 in
1706 1569 2274 1656 metropolitanum,
2330 1596 2424 1637 as-

217 1654 474 1730 sumpto
541 1645 723 1726 duce,
791 1668 936 1709 cum
993 1649 1279 1712 exercitu
1338 1649 1552 1715 fertur.
1638 1652 1855 1738 Ipsam
1909 1652 2133 1718 urbem
2183 1659 2429 1743 appetit

217 1738 408 1816 atque
459 1732 808 1815 irrumpere
866 1730 1204 1797 contendit.
1288 1734 1637 1799 Primatum
1695 1747 1908 1801 tamen
1949 1738 2208 1803 consilio
2252 1763 2423 1823 usuS,

215 1814 458 1899 legatos
499 1814 802 1899 premisit,
846 1837 962 1899 per
1001 1836 1158 1900 quos
1189 1828 1534 1900 quaereret,
1578 1842 1661 1882 an
1690 1821 2069 1905 episcopus‘l
2110 1825 2427 1889 resisteret

216 1899 374 1983 regi,
429 1920 510 1961 an
566 1919 649 1962 ex
692 1898 954 1963 obiectis
1009 1900 1273 1983 purgari
1331 1911 1562 1966 statuto
1611 1912 1893 1990 tempore
1936 1914 2194 1989 paratus
2237 1918 2420 1973 esset.

217 1982 290 2047 Si
351 1993 568 2047 contra
625 1990 844 2063 staret,
912 2004 1048 2045 sese
1112 2004 1265 2045 mox
1335 1984 1726 2049 obsidionem
1792 1988 1935 2052 urbi
1991 1986 2422 2054 adhibiturum

210 2065 496 2131 dicerent
552 2076 933 2153 captamque
989 2066 1210 2129 urbem
1264 2087 1410 2131 cum
1461 2069 1483 2129 i
1533 2090 1601 2132 so
1646 2068 1823 2135 hoste
1880 2092 2420 2157 compressurum3

209 2152 268 2215 si
325 2172 476 2215 vero
533 2151 793 2215 obiectis
851 2148 1235 2234 respondere
1289 2172 1418 2215 non
1516 2152 1821 2236 ubitaret,
1897 2154 2148 2219 obsides
2206 2158 2286 2222 ab
2346 2179 2419 2221 eo

208 2256 352 2299 sese
393 2244 804 2319 accepturum
846 2232 1332 2319 ducturumque.

376 2341 438 2401 4.
524 2335 630 2400 Ad
669 2337 825 2400 haec
853 2334 1400 2422 metropolitanus:
1473 2335 1659 2401 ‘Cum
1703 2341 1978 2417 constet',
2022 2340 2246 2424 inquit,
2292 2340 2420 2406 ‘bo-
2526 2335 2533 2343 ⁵

211 2442 327 2485 nos
391 2442 680 2507 quosque
743 2442 1084 2519 pravorum
1147 2420 1473 2485 calumniis
1538 2421 1788 2485 assidue
1852 2420 2210 2505 dilacerari,
2289 2446 2419 2489 non

215 2505 424 2586 miror,
475 2504 624 2569 huic
678 2504 948 2569 imuriae
1004 2501 1212 2568 locum
1274 2503 1603 2569 accidisse.
1702 2504 1903 2570 Multo
1947 2505 2217 2591 amplius
2261 2529 2413 2572 vero

210 2588 424 2671 miror,
468 2612 502 2653 e
551 2590 761 2673 regios
801 2588 1119 2674 principes
1164 2599 1293 2653 tam
1323 2586 1507 2653 facile
1537 2611 1725 2674 posse
1754 2588 1923 2671 illici,
1967 2601 2037 2656 ut
2064 2592 2415 2656 certissime

205 2694 348 2737 esse
393 2611 669 2753 credant,
724 2672 894 2757 quod
949 2694 1066 2737 nec
1119 2672 1237 2736 sub
1290 2672 1499 2737 iudice
1556 2674 1639 2738 sit
1693 2673 2071 2753 discussum,
2126 2685 2189 2739 et
2245 2675 2298 2739 si
2348 2677 2417 2739 in

205 2756 609 2821 discutiendo
641 2755 1016 2837 conferatur,
1060 2755 1245 2820 nullis
1273 2756 1624 2822 rationibus
1653 2755 1981 2842 probabile
2011 2756 2138 2824 fiat.
2227 2759 2416 2839 Quod

205 2842 262 2905 si
307 2841 548 2907 credita
591 2839 902 2905 discutere
931 2838 1187 2923 placuit,
1233 2861 1345 2904 cur
1373 2842 1563 2904 armis
1593 2849 1656 2905 et
1692 2841 1975 2907 exercitu
2002 2840 2069 2905 id
2099 2842 2414 2927 exigitur?

207 2926 434 2990 Nonne
477 2946 627 3010 ergo
672 2923 796 2987 alia
835 2945 951 3009 pro
995 2922 1134 2987 aliis
1178 2945 1294 2987 nos
1339 2925 1616 3009 cogitare
1668 2921 1953 2988 faciunt?
2038 2924 2108 2990 Si
2151 2924 2230 2989 de
2272 2948 2413 3011 pre-

202 3010 408 3075 teritis
438 3010 664 3093 agitur,
707 3030 930 3093 regum
960 3005 1226 3073 salutem
1270 3006 1615 3073 *hactenus
1653 3010 1899 3093 optavi3
1948 3030 2168 3073 eorum
2208 3031 2411 3107 genus
2434 3022 2510 3076 ‘p·
2543 3025 2645 3069 6³2·

201 3092 408 3175 colui;
466 3092 828 3178 principum
883 3113 1136 3190 quoque
1193 3091 1526 3156 commoda
1566 3112 1685 3176 pro
1739 3094 1982 3157 ratione
2025 3113 2253 3157 amam.
2342 3093 2413 3161 Si

201 3176 285 3242 de
329 3175 750 3264 presentibus,
792 3197 959 3259 regis
1001 3176 1172 3239 iussa
1215 3177 1480 3273 exsequi
1519 3196 1648 3239 non
1676 3197 1917 3258 moror3
1962 3177 2212 3241 obsides
2257 3199 2414 3263 quos

203 3260 342 3327 vult
395 3260 608 3343 trado3
665 3260 974 3326 rationem
1031 3267 1252 3349 contra
1308 3258 1557 3327 oblecta
1608 3258 1933 3323 intendere
1982 3282 2109 3323 non
2153 3260 2435 3325 differo'..

205 3346 421 3410 Factis
465 3366 534 3409 er
579 3365 616 3408 o
660 3344 980 3429 utrimque
1034 3340 1408 3425 rationibus,
1460 3341 1713 3405 obsides
1764 3341 1957 3422 dedit,
2014 3342 2415 3429 Ragenerum

204 3430 416 3495 virum
443 3368 796 3509 milgitarem,
840 3424 1168 3492 nobilitate
1197 3436 1260 3491 et
1287 3425 1524 3491 divitiis
1555 3423 1813 3507 clarum,
1858 3424 2197 3512 pluresque
2235 3426 2433 3510 alios,

202 3513 361 3578 dum
404 3514 543 3597 regi
595 3511 927 3577 sufficeret.

935 3651 995 3717 5.
1083 3647 1312 3714 Obitus
1354 3646 1684 3713 Ludovici.

374 3752 516 3818 Rex
570 3754 784 3840 itaque
851 3752 1198 3817 exercitum
1267 3749 1504 3815 amovit
1562 3747 1967 3814 Silvanectim
2013 3770 2093 3812 ue
2142 3749 2411 3816 devenit.

198 3835 338 3909 Ubi
395 3837 549 3902 dum
610 3838 919 3901 aestivam
973 3835 1378 3900 venationem
1433 3841 1795 3898 exerceret⁰
1815 3881 1831 3914 ,
1893 3853 1973 3916 pe
2023 3831 2171 3897 estri
2229 3830 2410 3917 lapsu

201 3920 534 4004 decidens,
598 3920 795 3986 multo*
846 3943 880 3985 e
927 3920 1046 3998 atis
1110 3916 1325 3983 dolore
1379 3925 1651 3983 vexatus
1704 3924 1818 3983 est.
1922 3914 2085 3979 Nam
2144 3916 2294 4003 quia
2344 3916 2411 3979 in

201 4014 392 4090 epate
445 4005 770 4091 sanguinis
815 4027 880 4069 se
927 4026 1029 4070 em
1070 4002 1301 4089 phisici
1351 4001 1703 4088 perhibent,
1761 4021 1837 4065 ea
1890 3999 2039 4064 sede
2083 4020 2407 4081 concussa,

322 4204 368 4258 a)
401 4205 612 4257 Aequum
653 4216 866 4257 namque,
907 4209 972 4249 ut,
998 4214 1166 4256 pravus
1208 4206 1328 4245 iusto
1359 4202 1579 4255 supplitio
1610 4202 1911 4253 dampnetur,
1955 4200 2069 4241 utile
2107 4210 2217 4242 *vero
2249 4199 2349 4241 add.
2386 4202 2425 4243 1.

197 4263 250 4317 b)
283 4268 334 4307 ut
366 4267 405 4308 1.
557 4264 600 4317 c)
633 4264 816 4307 nefaria
847 4266 898 4305 1..
1012 4262 1058 4316 d)
1083 4268 1184 4314 poet
1215 4264 1316 4304 aad.
1430 4260 1478 4313 e)
1513 4263 1781 4304 exercerent
1817 4262 1857 4301 1.
