3059 4834
326 1093 350 1118 *
366 1077 723 1174 Gallorum
768 1109 1213 1194 congressibus
1257 1110 1322 1172 in
1357 1106 1680 1174 volumine
1722 1105 2088 1194 regerendis
2131 1105 2417 1192 imperii*
2436 1113 2516 1155 fol·
2551 1115 2593 1155 1·

154 1191 271 1273 tui,
312 1201 496 1281 pater
530 1193 923 1257 sanctissime
954 1190 1266 1258 Gerberte
1282 1202 1328 1275 ἃ,
1368 1194 1712 1257 auctoritas
1749 1192 2158 1256 seminarium
2187 1189 2384 1256 dedit.
2437 1201 2485 1240 Ρ·
2515 1190 2618 1235 ⁵⁶⁸·

47 1333 49 1360 ÷
156 1274 389 1358 Quam,
436 1277 588 1362 quia
631 1297 943 1340 summam
985 1275 1319 1341 utilitatem
1360 1276 1562 1358 affert,
1607 1285 1670 1340 et
1710 1297 1922 1340 rerum
1949 1275 2218 1342 materia
2246 1296 2384 1344 sese

47 1365 49 1380 '
154 1357 338 1424 multi
386 1358 493 1424 lex
511 1362 539 1403 Β
631 1359 826 1443 rebet,
886 1382 961 1425 eo
1006 1360 1202 1424 animi
1258 1361 1404 1424 nisu
1456 1358 1868 1446 complector,
1927 1381 2053 1446 qua
2106 1352 2383 1430 iubentis

46 1385 52 1500 Ι
155 1444 320 1506 mira
338 1383 789 1509 1benivolentia
832 1444 1183 1530 pertrahor.
1271 1443 1469 1509 Cuius
1511 1445 1604 1510 rei
1642 1444 1895 1507 initium
1939 1465 1979 1506 a
2019 1443 2230 1508 vicino
2272 1442 2386 1508 du-

154 1525 431 1591 cendum
474 1529 837 1593 existimavi
854 1540 879 1570 ⁰
894 1577 911 1610 ,
958 1550 1105 1592 cum
1123 1529 1152 1570 ἅ
1195 1550 1297 1592 res
1339 1527 1539 1592 multo
1581 1537 1728 1592 ante
1771 1536 1984 1612 gestas
2027 1527 2212 1592 divae
2255 1549 2385 1595 me-

150 1611 392 1675 moriae
410 1623 435 1654 e
466 1611 873 1694 HincmaruS,
904 1623 1048 1678 ante
1077 1622 1139 1677 te
1168 1615 1236 1678 in
1265 1612 1644 1700 pontificatu
1674 1611 1772 1676 8¹¹⁵
1793 1613 1839 1694 *,
1885 1612 2016 1676 suis
2045 1610 2382 1678 annalibus

46 1667 51 1836 Ι
155 1694 591 1781 copiosissime
633 1697 959 1760 annexuit.
1026 1697 1361 1782 Tantoque
1392 1697 1722 1783 superiora
1749 1694 1949 1760 lector
1978 1717 2054 1761 ea
2082 1695 2384 1778 inveniet,

197 1787 391 1843 uanto
420 1802 459 1844 a
484 1781 687 1845 nostri
718 1779 1008 1866 opusculi
1038 1781 1301 1846 exordio
1330 1803 1447 1867 per
1476 1781 1614 1846 eius
1642 1789 1896 1866 regesta
1924 1802 2064 1844 sese
2093 1778 2333 1848 attollet
2345 1781 2388 1842 f.

189 1871 241 1924 ·t
281 1863 403 1927 hoc
442 1865 727 1952 inquam,
779 1887 860 1928 ne
904 1863 1288 1939 Karolorum
1330 1864 1726 1950 aliorumque
1769 1864 2066 1950 frequens
2108 1864 2176 1927 in
2217 1875 2390 1930 utro-

156 1967 280 2032 que
326 1969 516 2034 opere
574 1949 869 2035 repetitio
930 1949 1141 2035 operis
1198 1951 1535 2034 utriusque
1593 1948 1880 2012 ordinem
1937 1944 2169 2012 turbet.
2253 1947 2388 2013 Ubi

155 2031 326 2094 enim
369 2054 580 2096 rerum
626 2031 780 2096 ordo
823 2054 955 2098 non
995 2033 1363 2114 advertitur,
1415 2043 1594 2096 tanto
1647 2033 1954 2095 nitentem
2012 2052 2188 2096 error
2243 2051 2402 2095 con-·

47 2161 49 2170 .
154 2112 385 2196 fundit,
434 2124 671 2201 quanto
717 2136 757 2177 a
798 2117 959 2180 serie
1006 2115 1244 2179 ordinis
1262 2127 1291 2170 8
1334 2125 1650 2179 errantem
1695 2114 1962 2179 seducit.
2021 2112 2211 2178 Unde
2242 2135 2388 2178 cum

46 2181 55 2352 ι
156 2195 266 2260 hic
310 2209 501 2284 atque
542 2196 675 2262 illic
720 2220 873 2283 sepe
914 2195 1158 2279 Karoli,
1213 2221 1365 2284 sepe
1406 2197 1724 2264 Ludovici
1776 2207 1966 2262 notae
2020 2196 2388 2280 offeruntur,

157 2302 279 2366 pro
324 2291 610 2366 tempore
654 2290 987 2345 auctorum
1032 2280 1311 2366 prudens
1354 2279 1553 2346 lector
1596 2304 1664 2346 re
1713 2303 1779 2345 es
1823 2281 2206 2366 aequivocos
2248 2304 2387 2367 per-

97 2427 99 2429 .
159 2361 429 2428 notabit.
516 2365 809 2444 Quorum
871 2363 1266 2450 temporibus
1327 2364 1495 2430 bella
1559 2385 1598 2428 a
1728 2362 1867 2428 allis
1931 2386 2388 2450 saepenumero

48 2461 51 2474 ·
191 2441 417 2511 {irata
472 2449 810 2534 variosque
869 2470 1087 2512 eorum
1142 2449 1447 2515 tumultus
1502 2470 1580 2512 ac
1638 2448 1921 2515 diversas
1984 2450 2386 2534 negotiorum

47 2483 63 2650 r
158 2532 437 2595 rationes
474 2533 556 2596 ad
599 2533 971 2596 memoriam
1000 2532 1303 2598 reducere
1334 2535 1572 2618 scripto
1602 2555 1632 2597 s
1681 2531 1962 2598 ecialiter
1987 2531 2390 2618 propositum

159 2626 275 2682 est.
351 2614 421 2680 Si
462 2637 589 2701 qua
618 2637 771 2680 vero
815 2614 1081 2680 aliorum
1127 2617 1481 2697 efferantur,
1530 2616 1613 2681 ob
1701 2616 2050 2682 incidentes
2094 2618 2388 2701 rationes,

46 2689 51 2762 ἶ
160 2721 328 2786 quae
356 2699 545 2764 vitari
572 2721 702 2764 non
732 2710 1094 2784 potuerunt,
1123 2699 1192 2764 id
1220 2701 1504 2766 evenisse
1534 2710 1811 2788 putetur.
1901 2700 2031 2766 Sed
2043 2703 2101 2732 *²*
2132 2702 2186 2767 si
2214 2702 2395 2788 igno-

158 2794 261 2848 tae
318 2784 710 2883 antiquitatis
775 2785 1202 2883 ignorantiaei
1254 2806 1508 2870 arguar,
1574 2806 1656 2850 ex
1713 2784 1992 2872 quodam
2044 2785 2392 2852 Flodoardi

160 2865 509 2953 presbiterl-
527 2869 859 2933 Remensis
887 2866 1100 2935 libello
1130 2892 1232 2934 me
1262 2868 1522 2956 aliquak
1553 2871 1899 2954 sumpsisse
1927 2871 2087 2934 noni
2131 2872 2390 2953 abnuoi,

161 2953 257 3016 ati
287 2959 417 3016 non
453 2953 652 3018 verba
681 2952 937 3039 quidem
967 2953 1211 3036 eadem,
1257 2952 1369 3019 sed
1398 2953 1525 3018 alia
1566 2975 1682 3038 pro
1713 2953 1854 3018 aliis
1882 2953 2103 3040 longel
2134 2953 2388 3020 diverso

166 3037 466 3102 orationis
482 3049 523 3078 ¹¹¹
556 3034 832 3101 scemate
862 3037 1253 3136 disposuisse
1266 3038 1303 3117 i,
1334 3061 1435 3102 res
1465 3039 1607 3123 ipsa
1635 3039 2105 3104 evidentissime
2135 3038 2392 3103 demon-

163 3128 337 3183 strat.
426 3120 718 3206 Satisque
771 3118 992 3184 lectori
1045 3120 1183 3187 fieri
1234 3119 1526 3204 arbitror,
1588 3123 1643 3186 si
1657 3135 1685 3164 ¹¹
1773 3121 2145 3188 robabiliter
2195 3131 2390 3208 atque

163 3202 443 3268 dilucide
484 3203 918 3289 breviterquei
966 3205 1180 3268 omnia
1222 3204 1653 3291 digesserim0.
1774 3229 1817 3269 n
1860 3205 2130 3270 dicendo
2176 3207 2389 3272 enimv

160 3308 465 3352 recusans
518 3287 796 3370 effluere,
853 3286 1128 3386 plurima
1193 3291 1511 3355 succincte
1575 3313 1658 3355 ex
1707 3289 1935 3355 ediam.
2031 3288 2132 3352 Ac
2196 3291 2391 3354 totius

50 3401 52 3416 =
162 3371 498 3437 exordium
535 3373 915 3436 narratioms
944 3371 1300 3456 aggrediar,
1345 3372 1622 3439 breviter
1682 3383 1826 3440 acta
1856 3369 2026 3436 orbis
2057 3371 2391 3455 divisione,

50 3429 55 3515 l
165 3454 501 3542 Galliaque
540 3457 608 3523 in
649 3465 861 3541 partes
889 3455 1247 3538 distributa,
1294 3478 1369 3522 eo
1402 3457 1576 3543 quod
1604 3459 1743 3522 eius
1772 3454 2154 3542 populorum
2182 3477 2394 3522 mores

49 3524 57 3682 l
162 3547 230 3602 et
270 3549 449 3604 actus
493 3540 853 3606 describere
894 3541 1296 3625 propositum
1340 3541 1438 3604 sit.

800 3640 1223 3708 EXPLICIT
1266 3639 1763 3707 PROLOGUS.

310 3802 359 3871 *)
398 3805 721 3858 Hincmarus
760 3813 883 3857 ante
921 3812 975 3859 te
1014 3806 1271 3873 septimus
1308 3807 1594 3857 Remorum
1632 3804 2070 3873 metropolitanus
2114 3807 2167 3861 1.

287 3876 361 3945 **)
400 3878 510 3931 Sed
551 3906 613 3916 -
658 3881 973 3946 digesserim
1010 3877 1070 3930 in
1104 3877 1356 3944 inferiore
1392 3877 1630 3945 margine
1670 3880 1721 3929 2.

284 4023 329 4076 a)
364 4025 420 4066 G.
454 4026 596 4066 codex.
716 4024 764 4078 b)
797 4039 828 4067 x
858 4025 1046 4068 evanuit.
1170 4023 1211 4078 c)
1247 4027 1413 4066 ducere
1444 4027 1572 4066 volui
1607 4028 1646 4068 1.
1740 4023 1786 4078 d)
1821 4037 1866 4065 m
1896 4027 2086 4068 evanuit.
2178 4025 2221 4078 e)
2257 4027 2299 4066 d.
2330 4036 2389 4068 m.

163 4084 257 4123 cod.
335 4083 371 4135 f)
406 4085 596 4124 exordio
632 4107 678 4116 -
717 4096 817 4125 sese
848 4087 896 4126 in
926 4088 1017 4126 loco
1048 4097 1165 4132 raso,
1210 4085 1388 4126 attollet
1428 4085 1476 4123 in
1505 4085 1713 4135 margine.
1789 4083 1836 4136 g)
1867 4086 1916 4124 in
1947 4097 2083 4135 marg.
2159 4083 2208 4136 h)
2241 4097 2325 4136 per
2349 4087 2388 4126 1.

167 4140 203 4192 i)
231 4148 329 4191 post
359 4144 459 4186 add.
578 4142 627 4195 k)
662 4145 848 4194 quidem
888 4147 987 4185 add.
1019 4145 1093 4184 sed
1131 4145 1209 4184 del.
1330 4142 1365 4195 1)
1399 4146 1705 4194 prestantiore
1751 4155 1865 4187 corr.
1911 4145 2223 4185 diversissimo
2273 4155 2391 4186 corr.

165 4201 319 4242 iterum
350 4202 486 4251 longe
518 4203 713 4246 diverso.
802 4203 863 4256 m)
897 4204 1197 4245 ordinationis
1229 4215 1341 4244 corr.
1378 4203 1615 4246 orationis.
1708 4202 1756 4256 n)
1791 4214 1894 4244 cum
1912 4215 2029 4245 corr.
2048 4205 2101 4246 si.
2193 4201 2238 4254 o)
2273 4203 2397 4244 dixe-

163 4261 254 4300 rim
284 4272 398 4301 corr.
432 4261 608 4310 digesta
640 4264 733 4304 sint
761 4275 871 4303 corr.
904 4263 951 4304 ic.
986 4263 1269 4312 digesserim.
1390 4261 1439 4313 p)
1474 4273 1658 4313 quoque
1689 4265 1732 4306 1.

1900 4335 1931 4396 1
