3059 4834
701 213 1003 265 RICHERI
1038 211 1536 266 HISTORIARUM
1573 212 1797 262 LIBER
1831 212 1967 263 1111.
2335 211 2438 265 13¹1

219 381 565 462 habiturOS,
608 404 691 444 an
720 403 867 445 cum
895 379 1320 446 benivolentia
1344 381 1746 465 susciperent
1773 376 2147 465 supplicem,
2193 380 2247 442 si
2275 379 2435 444 forte
2455 405 2566 450 98⁷.

219 466 272 530 is
314 489 384 530 se
428 464 776 552 supplicem
822 464 1133 528 conferret
1174 473 1237 528 et
1278 463 1445 527 dono
1487 485 1710 548 regum
1755 485 1822 526 se
1864 484 2051 548 posse
2094 471 2308 528 tenere
2337 485 2438 528 res

267 571 523 614 ervasas
582 556 972 635 exposceret.
1056 546 1145 612 At
1188 548 1297 646 qui
1339 548 1603 610 acrioris
1649 546 1846 609 animi
1890 556 1952 610 et
1994 548 2436 612 constantioris

290 655 416 715 ere,
461 635 821 714 censebant,
850 632 985 697 fore
1018 629 1333 696 obsid1oni
1362 629 1854 696 incombendum
1873 641 1930 713 ἃς
1974 629 2186 695 hostes
2216 653 2439 716 urgen-

222 719 369 800 dos3
414 718 737 803 regionem
782 717 969 780 etiam
1018 737 1208 800 quam
1251 724 1679 800 pervaserant,
1731 715 1879 798 igne
1921 715 2174 799 penitus
2218 736 2439 779 consu-

220 800 537 866 mendam.
625 799 921 864 Collectis
964 800 1181 886 itaque
1224 799 1389 864 6000
1432 800 1740 884 equitum,
1783 799 1850 861 in
1892 798 2138 863 hostem
2180 798 2439 862 vadunt.

220 887 537 970 Tempore
591 893 822 948 statuto
875 882 1097 947 urbem
1154 891 1481 981 appetunt.
1607 881 2020 947 Obsidionem
2079 881 2439 966 disponunt.

223 968 592 1054 Castrisque
635 967 777 1032 loca
817 967 1054 1049 metati,
1097 966 1284 1030 fossls
1324 977 1386 1030 et
1414 967 1754 1051 aggeribus
1781 965 2039 1031 vallant.
2105 968 2265 1050 (19.)
2309 965 2440 1030 Ubi

222 1075 368 1118 cum
412 1051 631 1116 diebus
676 1050 891 1114 multis
932 1051 1297 1131 resederint,
1342 1050 1500 1114 nihil
1540 1051 1790 1131 virium,
1831 1048 1988 1112 nihil
2018 1048 2441 1114 damnationis

222 1139 289 1201 in
349 1136 561 1200 hostes
628 1157 885 1200 exerere
953 1133 1318 1199 valuerunt·
1388 1143 1565 1197 tanta
1618 1133 2002 1198 eminentiab
2061 1143 2124 1198 et
2172 1132 2440 1197 laterum

224 1220 579 1286 obiectione
645 1219 795 1282 urbs
861 1221 1014 1282 inex
1062 1183 1378 1303 ugnabilis
1444 1228 1600 1282 erat.
1719 1217 1878 1280 Dies
1945 1218 2136 1282 etiam
2199 1227 2440 1282 autum-

221 1303 395 1368 nales
414 1317 431 1351 ¹
488 1302 778 1368 breviore
836 1303 966 1367 circ
1035 1324 1071 1366 o
1131 1301 1307 1366 ducti
1347 1301 1445 1365 his
1488 1300 1808 1366 exercitiis
1850 1322 1979 1364 non
2023 1299 2441 1365 sufficiebant.

220 1387 455 1452 Noctes
500 1408 753 1473 quoque
792 1385 1079 1471 prolixae
1122 1383 1318 1450 multo
1364 1387 1459 1449 sui
1490 1395 1779 1470 tempore
1807 1383 2030 1469 vigiles
2059 1384 2441 1450 afficiebant.

220 1473 410 1536 Unde
442 1493 589 1535 cum
618 1470 994 1556 primatibus
1025 1468 1285 1534 consilio
1313 1468 1554 1551 habito,
1597 1469 1882 1550 redeunt,
1925 1477 2108 1554 posto
2152 1468 2392 1532 vernali
2413 1469 2441 1510 ‘¹

221 1566 509 1642 tempore
550 1555 831 1620 redituri.
920 1553 1170 1634 Quibus
1213 1552 1524 1635 abductis,
1584 1551 1861 1616 Karolus
1911 1552 2135 1617 urbem
2180 1554 2444 1616 circum-

222 1661 472 1726 quaque
551 1637 964 1724 perambulat.
1104 1637 1327 1703 Sicubi
1402 1639 1591 1702 etiam
1652 1637 1940 1702 hostibus
2002 1634 2203 1700 facilis
2266 1636 2443 1700 locus

268 1732 416 1806 atet,
478 1722 782 1808 explorat.
885 1722 1175 1788 Obstruit
1226 1722 1441 1808 itaque
1496 1730 1736 1806 portas,
1796 1721 2072 1785 hostium
2129 1721 2445 1805 ingressui

218 1747 458 1872 faciles
568 1807 843 1872 Obturat
902 1807 1149 1891 postica
1259 1815 1358 1868 ost
1428 1805 1650 1868 domos
1721 1803 1999 1868 latentia.
2105 1805 2446 1868 Restaurat

220 1913 437 1956 muros
493 1899 806 1954 vetustate
859 1888 1089 1974 lapsos.
1238 1889 1432 1950 urrim
1478 1909 1731 1972 quoque
1772 1885 2128 1970 potioribus
2178 1887 2445 1965 edificiis

221 1976 388 2040 intra
432 1985 495 2041 et
538 1982 719 2038 extra
760 1970 981 2036 dilatat
1022 1994 1097 2035 ac
1140 1971 1367 2034 firmat.
1955 1955 1995 1996 ⁸

887 2092 987 2156 20.
1071 2091 1441 2174 Profugium
1487 2089 1790 2175 episcopi.
2173 2173 2182 2182 ‚

387 2198 465 2261 In
511 2215 703 2280 quam
746 2195 1084 2278 episcopus
1127 2192 1437 2274 detrusuS,
1484 2213 1630 2254 cum
1673 2191 1740 2254 in
1784 2188 2070 2254 conclavi
2113 2200 2446 2273 teneretur,

217 2280 480 2344 funibus
521 2299 636 2362 per
676 2276 1011 2341 fenestram
1060 2276 1387 2357 demissam,
1432 2285 1718 2360 tempore
1759 2284 2067 2338 nocturno
2114 2296 2274 2360 equo
2303 2296 2448 2340 vec-

219 2375 324 2429 tus
367 2361 632 2445 aufugit.
703 2359 790 2423 Et
831 2370 903 2425 ut
931 2383 998 2424 se
1025 2358 1266 2423 Karolo
1296 2381 1424 2423 non
1451 2359 1686 2423 favisse
1715 2366 2108 2440 monstraret,
2153 2359 2236 2422 ad
2264 2380 2446 2444 reges

224 2468 363 2510 sese
421 2441 683 2508 contulit
740 2452 802 2508 et
859 2466 899 2507 a
952 2453 1130 2508 tanta
1180 2443 1526 2528 suspitione
1584 2443 1900 2528 purgavit.
1999 2441 2448 2507 Arbitrabatur

223 2530 415 2611 enim,
463 2528 767 2613 quasdam
812 2529 1207 2592 coniecturas
1250 2549 1438 2612 posse
1481 2548 1518 2589 a
1562 2524 2121 2590 calumniatoribus
2152 2525 2444 2611 confingi,

221 2614 357 2676 acsi
399 2613 539 2698 ipse
585 2613 873 2696 capiendi
919 2613 1404 2698 oportunitatem
1462 2621 1766 2695 parasset.
1853 2611 1982 2690 Qui
2033 2619 2364 2696 susceptus
2407 2632 2446 2672 a

130 2751 135 2754 .
219 2719 390 2782 rege,
413 2704 633 2780 utpote
661 2694 983 2760 fidelitatis
1012 2704 1365 2772 exsecutor,
1388 2716 1516 2758 non
1546 2695 1787 2758 minore
1817 2695 2021 2778 gratia
2047 2693 2301 2760 habitus
2332 2702 2443 2758 est.

390 2779 492 2842 21.
576 2779 824 2844 Interea
877 2781 1084 2864 rigore
1140 2777 1396 2843 hiemali
1474 2777 1725 2865 elaPSO,
1785 2800 1930 2842 cum
2001 2800 2146 2843 aere
2207 2779 2444 2843 mitiori
2465 2802 2578 2846 988.

218 2885 333 2928 ver
373 2864 562 2927 rebus
605 2863 908 2928 arrideret
950 2872 1013 2929 et
1053 2872 1237 2948 prata
1277 2873 1468 2948 atque
1513 2884 1774 2947 campos
1803 2863 2111 2927 virescere
2145 2861 2381 2928 faceret
2400 2873 2444 2945 ²,

342 3051 388 3104 a)
421 3054 624 3094 incumb.
655 3065 775 3102 corr.
800 3055 997 3095 incomb.
1118 3052 1165 3105 b)
1202 3065 1244 3096 e.
1276 3055 1347 3094 sui
1380 3055 1419 3097 1.
1543 3052 1586 3105 c)
1612 3059 1710 3104 poet
1742 3055 1840 3094 add.
1964 3052 2010 3105 d)
2043 3057 2074 3095 t.
2103 3065 2148 3093 v.
2184 3055 2223 3092 1.

375 3183 431 3250 1)
471 3186 726 3237 Gen-berto
765 3191 918 3249 teste,
958 3187 1112 3252 epist.
1153 3186 1274 3246 143,
1315 3185 1511 3238 Olleris
1549 3203 1602 3252 p.
1633 3187 1717 3251 79,
1758 3191 1881 3236 ante
1921 3186 2108 3236 festum
2132 3202 2173 3236 s.
2197 3187 2444 3251 Dionysii

225 3257 445 3325 (Octob.
478 3257 554 3324 9.)
593 3260 850 3310 incertum
893 3265 1034 3309 erat:
1074 3259 1122 3309 si
1157 3257 1356 3309 obsidio
1378 3260 1585 3324 futura
1623 3265 1698 3309 est
1722 3259 1807 3309 vel
1829 3274 1936 3306 non
1955 3263 2060 3317 θεὴ
2096 3257 2260 3319 idem,
2290 3260 2443 3323 epist.

226 3332 351 3395 145,
388 3348 441 3398 p.
481 3331 568 3394 80,
607 3333 822 3383 scribit:
859 3330 1059 3381 obsidio
1096 3329 1475 3382 Laudu‘nemis
1496 3328 1660 3394 urbis,
1687 3336 1972 3395 praetenta
2001 3345 2138 3394 pace
2176 3337 2444 3395 sequestra

220 3404 541 3475 §nter-missa,
582 3411 657 3455 est
700 3405 782 3454 13.
823 3403 949 3455 Kal.
990 3403 1267 3455 Novembr.
1314 3404 1618 3468 repetenda.
1697 3403 1845 3464 Quae
1883 3403 1989 3452 huc
2026 3404 2291 3468 pertinere
2333 3419 2445 3453 ere-

228 3477 477 3528 diderim.
554 3477 633 3528 Cf.
675 3479 830 3544 epist.
874 3476 996 3540 128,
1034 3494 1085 3542 p.
1116 3477 1211 3526 70:
1252 3474 1456 3528 obsides
1495 3493 1529 3525 a
1567 3475 1820 3538 Kato-olo)
1862 3473 2097 3540 accipere
2136 3482 2182 3526 et
2220 3475 2443 3527 obsidio-

224 3567 345 3602 ‘nem
380 3551 577 3601 solvere
616 3587 630 3602 .
670 3587 683 3602 .
725 3587 737 3601 .
773 3549 1064 3612 voluimus,
1114 3549 1208 3599 ubi
1243 3554 1431 3615 postea
1469 3551 1536 3600 de
1577 3554 1838 3600 conventu
1888 3548 1974 3597 20.
2012 3548 2152 3613 Aug.
2194 3549 2446 3601 Satanaei

226 3621 476 3674 habendo
515 3638 686 3675 sermo
728 3616 823 3674 es't.
898 3624 1052 3674 Haec
1093 3624 1251 3672 etiam
1304 3624 1358 3672 in
1396 3623 1538 3672 hune
1577 3637 1772 3673 annum
1811 3619 2030 3684 cadere,
2073 3637 2134 3673 eo
2176 3622 2445 3688 docemur,

229 3696 371 3763 quod
423 3696 777 3749 Adalberonis
829 3696 1065 3762 episc-opi
1114 3701 1383 3762 tamquam
1450 3697 1592 3762 capti
1643 3695 1839 3746 mentio
1897 3694 1974 3746 fit.
2024 3696 2233 3746 Mourin
2283 3698 2446 3762 igitur

228 3787 281 3836 p.
320 3769 447 3820 366.
498 3776 645 3821 reete
696 3775 777 3820 ter
828 3767 1078 3822 Lauduni
1136 3768 1467 3820 obsidionem
1524 3772 1792 3835 inceptam
1861 3784 1977 3820 esse
2031 3774 2261 3820 statuere
2313 3770 2444 3819 mihi

226 3842 471 3906 videtum
524 3844 618 3893 sed
669 3847 874 3894 aestate
933 3848 987 3894 et
1036 3847 1288 3894 autumno
1337 3859 1385 3892 a.
1439 3842 1577 3906 987,
1629 3857 1755 3892 vere
1805 3842 1894 3891 vel
1932 3844 2108 3908 potius
2146 3848 2351 3893 aestate
2391 3857 2441 3892 a.

232 3915 355 3979 988,
393 3931 497 3966 non
537 3915 641 3965 988
684 3922 738 3967 et
774 3914 913 3980 989,
957 3921 1017 3966 ut
1064 3914 1158 3966 ille
1193 3914 1323 3966 vult.
1509 3913 1566 3982 2)
1607 3915 1900 3980 Sequentia
1938 3916 2095 3966 etiam
2135 3917 2190 3965 in
2229 3931 2278 3967 a.
2319 3915 2442 3967 987.

233 3988 551 4040 collocanda
590 4006 722 4050 esse,
761 3988 1022 4040 Wilmans
1060 4007 1115 4056 p.
1155 3990 1258 4039 179
1298 4004 1417 4055 sqq.
1454 3989 1638 4040 statuit
1678 3993 1732 4038 et
1770 3987 1836 4038 de
1874 3988 2112 4040 secunda
2147 3990 2250 4039 hac
2303 3989 2441 4040 obsi·

233 4061 391 4112 dione
432 4062 719 4126 dubitavit3
769 4062 863 4113 sed
905 4062 973 4114 cf.
1024 4062 1217 4114 Olleris
1255 4079 1308 4128 p.
1343 4061 1474 4125 531,
1534 4063 1624 4128 qui
1670 4067 1847 4112 tamen
1899 4063 2036 4113 haec
2086 4063 2257 4120 minus
2296 4069 2441 4115 recte

231 4152 282 4187 a.
321 4135 444 4187 989.
482 4141 637 4201 gesta
672 4141 848 4203 putat;
886 4136 943 4187 id
982 4135 1122 4201 quod
1163 4152 1281 4186 cum
1311 4136 1378 4186 iis
1407 4141 1612 4201 pugnat
1647 4150 1785 4202 quae
1823 4137 1938 4202 ipse
1989 4134 2056 4187 de
2094 4136 2241 4188 obitu
2278 4135 2450 4187 Adel--

228 4209 441 4261 beronis
479 4210 867 4277 archiepiscopi
905 4207 977 4276 (c.
1019 4207 1115 4276 24)
1151 4209 1439 4277 proposuit.
