3059 4834
618 272 720 322 158
1087 271 1392 322 RICHERI
1428 271 1936 323 HISTORIARUM
1972 271 2195 322 LIBER
2231 270 2368 322 1111.

493 453 595 495 ⁹⁹1·
615 437 828 503 Causa
869 461 1165 524 namque,
1207 447 1279 502 ut
1320 440 1720 519 scriberetur,
1765 439 1902 501 eius
1930 448 2152 502 auctor
2178 437 2484 503 Arnulfus
2513 439 2648 504 fuit.
2719 442 2856 522 Qui

305 517 501 615 Geffssn}
519 516 589 614 ¹}
613 545 761 586 cum
812 522 1221 586 detestandae
1279 522 1646 606 cupiditatis
1703 521 1929 585 morbo
1986 523 2254 586 nimium
2310 521 2660 606 laboraret,
2721 528 2860 610 egit

379 602 592 683 ‘1'›.6‘4e.'
658 609 787 671 11οᾶ
847 605 1260 691 *reprehendi
1317 614 1548 690 potest,
1601 629 1751 669 611111
1805 605 2048 670 iuratus
2110 605 2304 670 fidem
2364 629 2496 671 non
2552 611 2854 673 servavit.

680 713 757 754 oc
810 691 979 754 enim
1035 689 1512 774 reprehensioni
1568 688 1949 754 succumbit.
2049 690 2136 754 Et
2193 691 2366 776 quod
2420 692 2745 777 sapientes
2787 703 2857 758 et

612 775 769 839 boni
809 774 876 838 id
920 775 1285 854 effecerunt,
1331 773 1504 858 quod
1545 773 1706 838 dolis
1738 783 1802 838 et
1829 775 2098 838 astutiae
2123 773 2542 873 perditissimi
2570 775 2856 840 hominis

611 859 970 939 contrairet,
1016 868 1235 922 contra
1266 856 1564 942 querulos
1595 858 1947 922 defensioni
1975 857 2339 922 firm1tatem
2367 859 2626 924 affectat
2654 862 2860 925 vires·

611 965 737 1029 que
779 943 1113 1006 ministrat.
1178 942 1266 1005 Et
1356 942 1458 1004 uic
1506 940 1618 1004 uid
1659 939 1816 1005 illud
1858 943 1958 1023 sit,
2001 943 2363 1006 testimonio
2404 953 2623 1008 tamen
2665 944 2860 1009 robo-

608 1028 877 1091 randum
923 1036 1035 1091 est.
1118 1027 1322 1089 Proce
1368 1035 1435 1089 at
1543 1024 1837 1123 dalgerus
1891 1025 2224 1110 presbiter.
2310 1025 2516 1090 Adest
2566 1049 2722 1091 nam
2770 1051 2856 1094 ue

612 1112 725 1197 qui
780 1132 994 1174 rerum
1050 1110 1281 1173 seriem
1334 1109 1716 1193 proditionis
1774 1110 2065 1173 conscius
2124 1111 2363 1209 optime
2416 1113 2615 1175 novit.
2795 1135 2855 1194 e,

608 1196 891 1281 inquam,
946 1193 1113 1257 adsit
1166 1203 1229 1257 et
1271 1202 1519 1257 vestrae
1565 1192 1926 1256 claritudini
1967 1192 2324 1258 inaud1tum
2368 1193 2573 1259 scelus
2618 1195 2856 1278 edicat,

607 1287 679 1343 ut
720 1289 800 1360 et,
846 1275 958 1340 ubi
1002 1278 1084 1341 sit
1132 1279 1516 1363 vituperatio
1562 1276 1877 1359 habenda,
1939 1281 2337 1363 cognoscatis
2395 1288 2490 1360 et,
2536 1278 2652 1343 ubi
2708 1279 2853 1345 laus

605 1361 1033 1442 concedenda,
1075 1359 1381 1425 videatis'.

806 1500 909 1563 62.
994 1497 1441 1563 Admovetura
1484 1499 1883 1586 Adalgerus²³¹
1927 1500 2395 1564 accusationisa
2439 1521 2654 1564 causa.

446 1645 482 1674 ο.
520 1637 587 1675 11.
775 1617 1135 1703 Adalgerus
1180 1619 1395 1703 itaque
1438 1621 1787 1683 accersitus
1838 1620 2037 1684 adest.
2125 1618 2338 1705 Super
2379 1620 2500 1684 hac
2543 1645 2612 1686 re
2655 1622 2852 1686 inter·

606 1713 869 1788 rogatus
915 1712 979 1764 et
1020 1700 1109 1764 nil
1151 1711 1436 1765 moratus
1479 1703 1850 1788 respondet:
1909 1705 2211 1786 Utinam,
2255 1714 2470 1789 patres
2513 1706 2725 1786 sancti,
2770 1707 2845 1768 in

606 1784 727 1849 hac
771 1787 1107 1850 vocatione
1152 1785 1538 1850 concedatur
1581 1786 1739 1852 mihi
1768 1786 1852 1852 ali
1899 1810 1982 1850 ua
2009 1789 2398 1852 remissionis
2426 1788 2847 1873 indulgentia.

606 1869 739 1935 Sed
782 1871 933 1955 quia
974 1869 1059 1933 ad
1101 1869 1171 1933 id
1212 1868 1458 1952 deveni,
1500 1880 1590 1954 ut,
1637 1871 1691 1934 si
1733 1873 1842 1957 qui
1932 1870 2100 1958 quod
2145 1893 2262 1957 pro
2307 1894 2410 1935 me
2443 1873 2848 1938 faciat—inve-

604 1955 731 2018 niri
786 1955 1009 2040 possit,
1062 1953 1130 2017 id
1174 1963 1395 2018 contra
1438 1977 1542 2019 me
1587 1966 1754 2020 stare
1806 1955 2116 2030 videatur,
2172 1954 2385 2020 verbis
2438 1955 2848 2021 brevioribus

606 2037 781 2124 quod
824 2039 1085 2124 queritis
1132 2037 1399 2101 edicam.
1485 2038 1703 2121 Dud0,
1746 2038 1972 2102 Karoli
2014 2037 2214 2118 mileS‚
2266 2037 2552 2104 hortatus
2597 2051 2715 2121 est,
2774 2051 2849 2104 ut

603 2121 768 2186 hanc
811 2120 983 2185 unde
1027 2122 1132 2185 hic
1176 2122 1439 2206 queritis
1482 2122 1912 2206 proditionem
1968 2122 2372 2207 aggrederer,
2431 2125 2522 2188 sic
2581 2123 2845 2188 domino

602 2228 748 2270 meo
791 2205 1045 2291 placere
1088 2206 1348 2270 iuratus.
1414 2205 1606 2270 Unde
1651 2228 1798 2269 cum
1843 2207 1904 2269 ei
1945 2227 2076 2269 non
2120 2205 2466 2288 crederem,
2511 2207 2849 2271 dominum

603 2312 821 2354 meum
912 2312 980 2353 er
1022 2312 1125 2353 me
1168 2290 1578 2373 interrogavi.
1647 2288 1804 2354 Sese
1845 2289 1914 2354 id
1955 2289 2094 2354 fieri
2121 2288 2306 2372 velle,
2337 2291 2685 2376 respondit.
2756 2293 2850 2356 Ut

603 2385 819 2439 autem
861 2312 985 2436 Eoo
1027 2372 1307 2437 dedecus
1352 2373 1566 2458 specie
1623 2373 1871 2437 honesti
1929 2372 2266 2454 velaretur,
2321 2373 2560 2438 Karolo
2616 2398 2849 2439 manus

604 2458 786 2537 dedi3
832 2458 1095 2543 eiusque
1129 2456 1357 2538 factus,
1400 2456 1831 2543 proditionem
1859 2479 1977 2542 per
2005 2468 2471 2521 sacramentum
2501 2481 2620 2545 spo
2671 2459 2846 2523 ondi.

600 2542 690 2607 Et
748 2542 874 2606 feci
929 2539 1207 2627 quidem,
1274 2541 1389 2604 sed
1443 2563 1574 2604 non
1629 2542 1925 2605 iniussus.
2037 2541 2229 2620 Quod
2285 2542 2340 2605 si
2380 2543 2566 2607 vobis
2635 2541 2846 2607 alsum

601 2624 910 2707 videatur,
956 2634 1216 2711 paratus
1260 2646 1400 2688 sum
1446 2625 1661 2688 omnia
1701 2624 2074 2688 iuditiorum
2115 2645 2353 2708 genera
2395 2625 2648 2690 subire'.

604 2765 706 2828 63.
799 2764 988 2852 [Hicb
1016 2763 1178 2828 ratio
1201 2775 1225 2804 0
1254 2761 1681 2826 accusationis
1697 2762 1767 2849 0].
1833 2761 2061 2826 Brevis
2094 2769 2157 2824 et
2175 2773 2198 2804 ⁰
2228 2761 2548 2825 dilucidae
2580 2763 2846 2828 demon-

991 2847 1254 2911 stratio⁰
1298 2845 1622 2907 criminis0
1664 2866 1702 2907 a
1748 2843 2046 2909 Guidone
2090 2845 2394 2931 episcopo
2414 2859 2457 2910 ⁰.

440 2967 477 2998 0·
511 2956 581 2995 ¹4·
776 2948 990 3013 Guido
1012 2961 1032 2994 1
1074 2947 1550 3013 Suessionensis
1595 2946 1808 3029 episco
1859 2968 1933 3008 us
1979 2945 2168 3010 dixit:
2215 2947 2326 3011 ‘Ut
2351 2947 2458 3010 hic
2485 2969 2568 3010 ex
2595 2949 2849 3014 ratione

603 3033 793 3096 huius
844 3030 1235 3115 intelligitur,
1292 3031 1481 3092 unius
1539 3037 1754 3092 reatus
1836 3040 1969 3093 orte
2027 3030 2215 3094 ambo
2275 3039 2586 3095 tenentur.
2676 3031 2849 3096 Nam

606 3137 751 3180 cum
770 3114 900 3178 .hic
942 3137 1079 3178 sese
1124 3113 1410 3177 effecisse
1440 3120 1700 3193 asserat,
1743 3134 1874 3176 non
1901 3122 1998 3178 est
2024 3113 2326 3178 immunis
2357 3115 2494 3179 eius
2525 3114 2847 3198 dominuS,

608 3199 717 3286 qui
758 3199 1004 3263 facinus
1046 3196 1546 3284 perpetrandum
1589 3197 1806 3278 suasit,
1852 3217 1926 3262 eo
1971 3197 2145 3281 quod
2187 3197 2442 3262 sceleris
2487 3219 2751 3262 causam
2780 3222 2849 3264 se

604 3285 819 3370 ipsum
861 3283 1207 3382 prebuerit.
1298 3281 1618 3362 Quoniam
1663 3301 1816 3365 ergo
1846 3280 2215 3365 utriusqued
2244 3282 2571 3367 negotium
2599 3283 2848 3347 inditiis

605 3368 1005 3433 evidentibus
1051 3374 1316 3448 constat,
1361 3387 1509 3429 cum
1554 3363 1712 3429 alter
1752 3363 1999 3428 facinus
2031 3365 2313 3446 suaserit,
2357 3363 2513 3429 alter
2543 3366 2849 3449 effecerit,

604 3452 815 3515 iuditii
860 3472 1130 3516 censura
1187 3458 1467 3514 vestram
1521 3449 1970 3534 paternitatem
2025 3469 2156 3510 non
2206 3445 2377 3512 latet.
2477 3449 2599 3513 Est
2649 3451 2850 3514 etiam

607 3535 782 3622 quod
822 3535 1047 3600 iuditio
1092 3533 1387 3597 habendo
1430 3534 1600 3597 vires
1642 3532 1925 3616 prebeat,
1973 3528 2164 3616 quod,
2224 3553 2371 3595 cum
2412 3532 2553 3618 ipse
2597 3535 2848 3619 episco-

605 3640 731 3705 pus
821 3619 1155 3682 roditionis
1197 3625 1418 3681 auct-or
1472 3615 1767 3697 extiterit,
1830 3625 1902 3679 ut
1955 3636 2143 3677 suum
2193 3612 2506 3700 flagitium
2562 3615 2848 3681 melioris

606 3701 725 3766 zeli
767 3641 1017 3765 fervore
1073 3710 1333 3786 tegeret,
1390 3698 1626 3763 multae
1685 3698 2366 3762 excommunicationis
2425 3709 2489 3764 et
2541 3699 2847 3764 maledic-

604 3784 793 3850 tionis
850 3785 1248 3850 anathemate
1304 3807 1343 3848 a
1397 3805 1664 3868 corpore
1717 3791 1781 3846 et
1834 3783 2142 3868 sanguine
2197 3781 2467 3846 Domini
2519 3785 2848 3868 separavit

724 3973 769 4027 a)
805 3978 979 4026 ovetur,
1011 3985 1087 4014 rus
1118 3985 1187 4026 ac,
1219 3975 1293 4014 nis
1325 3983 1465 4014 causa
1495 3973 1607 4012 abac.
1771 3970 1820 4024 b)
1853 3972 1953 4011 haec
1977 3975 2079 4020 poet
2110 3971 2210 4011 add.
2233 3971 2430 4020 fortasse
2461 3974 2521 4012 ad
2550 3973 2845 4014 antecedentia

599 4035 832 4083 pertinent.
954 4031 996 4085 c)
1029 4034 1091 4086 io,
1124 4034 1181 4085 is,
1213 4038 1259 4074 et
1292 4034 1353 4084 di,
1385 4042 1507 4082 mon,
1541 4032 1691 4082 minis,
1721 4031 1912 4080 piscopo
1944 4031 2053 4070 abac.
2175 4029 2221 4080 d)
2255 4041 2344 4080 que
2368 4037 2470 4081 post
2501 4033 2600 4072 add.

756 4166 809 4228 1)
848 4166 1111 4216 Richerus
1162 4165 1477 4214 narrationis
1529 4163 1769 4213 ordinem
1817 4163 2059 4225 mutavit,
2112 4160 2371 4214 Gnidonis
2421 4163 2716 4215 orationem
2769 4164 2842 4226 ab

607 4254 673 4288 ea
713 4254 872 4304 quam
913 4238 1199 4289 Gerbertus
1237 4236 1404 4287 tradit
1442 4235 1707 4286 diversam
1746 4233 1911 4285 finxit.
