3059 4834
321 348 754 420 stamma-⁰

333 452 709 512 tha-847

348 537 665 600 n5ffu5

494 1176 885 1275 *Richerus,
946 1206 1017 1260 ut
1071 1197 1219 1281 ipso
1264 1197 1556 1260 tradente
1602 1196 1934 1274 discimus,
1979 1195 2216 1260 Sancti
2259 1197 2686 1282 Remiyii‘SS·
2719 1205 2805 1258 111,

328 1289 516 1342 extra
546 1302 766 1343 muros
796 1280 1139 1344 Remenses
1168 1281 1526 1344 monachus
1547 1293 1588 1360 ¹,
1625 1290 1884 1364 patrem
1914 1279 2140 1343 habuit
2166 1279 2550 1364 Rodulfum,
2600 1274 2643 1316 Ρ·
2677 1263 2780 1305 ⁵⁶¹·

327 1365 650 1427 Ludovici
683 1365 1147 1429 Transmarini
1175 1368 1350 1450 reyis
1380 1365 1644 1428 militem
1674 1367 1696 1392 *
1714 1373 1771 1427 et
1801 1363 2273 1428 consiliarium.
2359 1365 2648 1428 Pater·1›·
2681 1378 2782 1420 562·

330 1448 621 1512 ‘consilio
678 1449 1063 1528 commodus,
1107 1449 1452 1534 facundia
1512 1447 1707 1512 simul
1749 1458 1807 1512 et
1852 1449 2142 1512 audacia
2186 1449 2548 1532 plurimus,

328 1531 501 1595 unde
546 1541 603 1594 et
644 1554 763 1595 reoe
808 1532 1158 1597 admodum
1202 1536 1263 1597 ei
1306 1532 1761 1598 consuescebat
1802 1543 1859 1596 et
1901 1533 2087 1615 apud
2129 1556 2272 1596 eum
2303 1555 2412 1596 sae
2465 1535 2549 1597 is-

327 1618 485 1680 sime
530 1617 974 1697 consultabat,'
1018 1619 1190 1682 inter
1221 1619 1361 1682 alia
1391 1641 1559 1702 quae
1581 1619 1903 1700 patravit,
1951 1639 2128 1680 anno
2159 1617 2302 1680 949.
2373 1557 2520 1681 lgm

328 1701 497 1764 duni
538 1701 851 1785 capiendi
894 1701 1187 1766 ordinem
1246 1705 1321 1766 in
1374 1702 1646 1766 consilio
1703 1724 1772 1764 re
1819 1703 1880 1765 is
1970 1703 2269 1786 roposuit
2310 1710 2368 1764 et
2408 1702 2547 1786 ipse

326 1785 466 1847 dum
488 1783 781 1867 feliciter
824 1795 1126 1857 executus
1170 1796 1259 1848 est
1278 1796 1321 1867 ²,
1370 1795 1561 1872 atque
1593 1810 1654 1849 a.
1685 1784 1768 1850 95
1814 1832 1830 1848 .
1938 1786 2244 1872 erberyae
2273 1787 2548 1871 reqinae

325 1868 567 1932 vindeoe
598 1869 877 1932 Montem
904 1868 1267 1950 Castriloci,
1300 1871 1706 1934 Hannoniae
1737 1879 1953 1954 caput,
1985 1879 2179 1933 noctu
2209 1892 2550 1955 eoepuqna-

324 1955 416 2016 vit
471 1962 529 2014 et
568 1954 1006 2038 Rayenerum,
1062 1956 1177 2040 qui
1219 1955 1491 2040 reyinae
1535 1955 1830 2038 injurias
1872 1952 2202 2030 intulerat,
2248 1975 2451 2017 umore
2495 1962 2553 2016 et

324 2037 545 2100 liberis
613 2037 766 2101 inde
833 2037 1103 2117 ablatis,
1180 2039 1267 2100 ad
1332 2037 1880 2120 satisfaciendum
1943 2041 2214 2121 reyinae
2281 2040 2550 2121 coegit&

328 2121 477 2184 Tali
507 2130 708 2205 patre
754 2122 995 2184 editum
1039 2130 1095 2183 et
1123 2121 1436 2184 Lothario
1481 2143 1651 2204 reye,
1697 2123 1813 2205 qui
1855 2119 2121 2184 ultimus
2149 2119 2546 2183 Karolorum

327 2205 401 2268 di
448 2207 715 2266 nitatem
770 2206 1021 2288 reyiam
1072 2205 1245 2266 inter
1302 2203 1465 2267 bella
1524 2205 1751 2268 civilia
1809 2212 1866 2267 et
1909 2213 2177 2267 eoeterna
2221 2203 2406 2266 haud
2445 2205 2546 2267 in-

304 2227 606 2370 feliciter
659 2288 990 2368 sustinuit,
1054 2287 1371 2365 adultum,
1416 2288 1770 2351 Richerum
1815 2287 2030 2351 studio
2075 2309 2144 2350 re
2192 2289 2247 2350 ii
2288 2289 2545 2371 yenerz's

325 2380 383 2433 et
413 2372 685 2454 patriae
729 2394 944 2434 amore
968 2371 1308 2457 flaqrasse
1352 2380 1410 2435 et
1439 2372 1738 2457 primam
1778 2393 1997 2455 rerum
2087 2395 2126 2433 u
2171 2369 2449 2434 licarum
2493 2381 2550 2433 et

328 2456 494 2517 artis
536 2454 847 2519 militaris
876 2457 1179 2519 notitiam
1209 2455 1384 2520 domi
1413 2465 1820 2520 consecutum
1849 2478 1998 2535 esse,
2026 2395 2230 2518 {aud
2257 2463 2348 2518 est
2375 2455 2550 2538 quod

322 2541 601 2602 mireris.
702 2539 958 2603 Ultimis
1013 2539 1302 2605 Odelrici
1346 2541 1832 2625 archiepiscopi
1877 2539 2074 2602 annis
2093 2547 2120 2582 ⁴
2133 2587 2152 2619 ,
2218 2538 2314 2602 vel
2376 2539 2550 2624 quod

311 2624 543 2707 potius
566 2623 825 2686 credam
849 2623 1254 2688 Adalberone
1287 2625 1506 2688 archie
1558 2625 1800 2708 iscopo,
1829 2626 2292 2688 monasterium
2315 2621 2550 2686 Sancti

322 2707 612 2791 Remiyii
680 2709 973 2787 intravit,
1036 2709 1148 2772 ubi
1212 2709 1328 2771 sub
1387 2709 1491 2771 Ro
1541 2707 1660 2790 ulfi
1727 2707 1973 2772 abbatis
2039 2707 2400 2793 disciplina
2467 2707 2545 2769 ab

324 2793 585 2876 eyreyio
629 2794 943 2876 magistro
976 2790 1280 2855 Gerberto
1324 2792 1559 2856 litteris
1602 2795 1980 2866 instructus,
2027 2792 2275 2855 artibus
2318 2789 2547 2855 libera-

322 2873 491 2939 libus
562 2875 852 2939 studium
924 2876 1203 2939 advertit
1288 2876 1705 2962 diversasque
1778 2876 2242 2961 philosophiae
2311 2883 2545 2961 partes

324 2959 583 3023 edoctus
642 2968 699 3023 et
758 2960 1049 3028 classicis
1101 2961 1552 3024 Romanorum
1611 2960 2057 3044 scriptoribus,
2165 2958 2546 3043 hilosophis,

312 3045 549 3128 poetis,
615 3044 961 3124 historicis,
1028 3046 1520 3130 cosmographis
1583 3044 1886 3123 imbutus,
1954 3052 2024 3106 ut
2134 3067 2165 3106 e
2229 3042 2543 3106 monacho

324 3128 591 3212 sperari
620 3136 903 3212 poterat,
966 3131 1213 3192 sanctis
1248 3128 1560 3213 patribus
1603 3130 1798 3192 etiam
1842 3137 1902 3189 et
1945 3127 2307 3191 canonibus
2353 3125 2542 3190 eccle-

321 3213 609 3276 siasticis
652 3210 943 3296 leyendis
988 3234 1253 3296 operam
1297 3212 1473 3276 dedit
1492 3223 1538 3274 ⁵.
1623 3213 1795 3276 Erat
1828 3220 1982 3274 tunc
2011 3211 2361 3275 Remorum
2390 3210 2545 3273 urbs

322 3304 395 3356 ut
437 3297 609 3358 inter
641 3295 897 3358 Galliae
942 3297 1234 3359 civitates
1266 3295 1345 3372 ab
1380 3297 1652 3380 antiquo
1682 3297 1871 3360 clara
1915 3304 1971 3358 et
2061 3299 2307 3358 rimatu
2338 3315 2542 3380 prae-

321 3378 486 3442 sulis
541 3381 849 3465 insiqnis,
916 3381 1014 3443 ita
1069 3378 1505 3444 Adalberonis
1559 3381 1876 3465 regimine
1932 3318 2276 3441 nobilitata
2337 3397 2534 3459 eoque

322 3485 457 3527 non
522 3464 741 3526 minus
806 3485 979 3526 eoeem
1032 3462 1116 3527 lis
1180 3485 1375 3547 quam
1448 3465 1752 3529 doctrina
1826 3463 2066 3526 animis
2137 3459 2544 3546 moribusque

306 3548 631 3632 juvenum
671 3547 956 3632 forman
1007 3548 1066 3610 is
1131 3547 1381 3611 valida.
1486 3548 1810 3611 Richerus
1873 3546 2083 3630 igitur
2147 3545 2426 3608 bonitate
2491 3554 2548 3608 et

322 3632 587 3716 inqenio
636 3633 986 3695 amicitiam
1032 3629 1326 3694 Gerberti
1382 3631 1506 3696 sibi
1562 3631 1986 3716 comparavit,
2045 3631 2234 3709 ‘viri’,
2289 3637 2362 3691 ut
2403 3630 2545 3693 e‘us

321 3715 536 3778 verbis
565 3725 737 3796 utar,
782 3722 909 3778 ‘ma
957 3717 1033 3778 ni
1074 3716 1335 3814 ingenii
1378 3738 1455 3778 ac
1488 3717 1646 3778 miri
1689 3715 1947 3800 eloquii,
1991 3737 2116 3799 quo
2146 3723 2279 3778 tota
2312 3711 2371 3777 G'·
2465 3715 2542 3778 ia

324 3800 466 3862 acsi
506 3798 775 3863 lucerna
809 3822 889 3863 ar
937 3809 1074 3863 ente
1104 3799 1521 3863 vibrabunda
1551 3798 1850 3885 refulsit'.
1943 3795 2074 3871 Qui
2110 3821 2254 3862 cum
2289 3799 2540 3862 intimis

472 3958 527 4027 1)
564 3962 824 4027 Prologus
875 3964 1049 4030 operis
1100 3967 1155 4013 et
1200 3962 1293 4012 lib.
1335 3963 1431 4026 IV,
1471 3964 1561 4014 50.
1721 3959 1778 4028 2)
1817 3961 1891 4029 11,
1933 3960 2168 4013 87—91.
2334 3961 2394 4027 3)
2433 3961 2540 4028 111,

322 4035 414 4083 6-
437 4036 519 4088 10.
669 4033 729 4100 4)
770 4035 927 4086 Certe
964 4036 1109 4086 haud
1147 4043 1271 4087 ante
1309 4053 1505 4088 annum
1544 4035 1678 4100 9663
1734 4053 1858 4088 nam
1895 4035 2255 4088 Flodoardum
2296 4053 2401 4089 non
2440 4053 2532 4088 no-

320 4109 464 4159 visse
500 4109 738 4172 videtur3
780 4109 846 4160 ef.
885 4111 1179 4176 prologum.
1328 4107 1387 4176 5)
1425 4111 1470 4178 1,
1510 4111 1562 4160 3.
1638 4111 1995 4176 Hieronymus
2035 4115 2088 4160 et
2126 4108 2393 4177 Sulpicius
2431 4127 2541 4160 me-

320 4187 607 4245 morantur,
645 4183 751 4247 111,
780 4183 849 4231 46
876 4199 992 4249 sqq.
1035 4190 1279 4235 auctores
1320 4183 1575 4236 classicos
1614 4200 1646 4234 a
1674 4184 1932 4236 Gerberto
1972 4182 2240 4234 adhibitos
2277 4190 2540 4234 recenset.

319 4253 632 4306 Sallustium
673 4255 959 4321 diligenter
994 4256 1127 4322 legit
1166 4258 1386 4322 eiusque
1424 4258 1602 4309 verbis
1638 4275 1742 4308 non
1779 4274 1898 4308 raro
1937 4274 2064 4308 usus
2103 4261 2198 4308 est.
