3059 4834
512 264 619 313 104
1026 258 1335 310 RICHERI
1372 255 1880 309 HISTORIARUM
1915 254 2139 306 LIBER
2177 256 2282 311 111.

511 430 715 494 aereis
743 426 867 491 filis
913 427 1240 513 signorum
1282 425 1522 510 figuras
1565 425 1991 512 complicavit.
2064 425 2357 512 Axisque
2399 423 2541 489 loco
2571 425 2766 490 fistu-

512 512 641 577 lam
685 511 951 588 traiecit,
991 533 1115 610 per
1158 532 1351 596 quam
1395 508 1581 595 polus
1626 509 1915 574 caelestis
1970 519 2316 590 notaretur,
2374 518 2443 573 ut
2483 530 2558 574 eo
2604 531 2764 594 per-

517 607 736 696 specto
797 595 1095 659 machma
1168 592 1342 658 caelo
1401 613 1441 654 a
1487 603 1747 658 taretur.
1850 593 2036 658 Unde
2096 602 2161 658 et
2215 593 2457 657 factum
2501 601 2619 674 est,
2679 603 2766 658 ut

519 679 917 766 smgulorum
981 680 1034 742 si
1129 698 1307 742 orum
1364 688 1461 742 ste
1508 699 1584 740 ae
1665 677 1931 763 singulis
1996 676 2188 741 huius
2258 699 2483 763 sperae
2545 677 2762 760 signis

518 763 983 829 clauderentur.
1038 701 1217 826 ffiud
1262 782 1516 846 quoque
1561 761 1630 824 in
1671 761 1790 826 hac
1835 762 2119 826 divinum
2164 760 2303 840 fuit,
2356 758 2550 846 quod,
2598 782 2760 824 cum

514 846 745 932 aliquis
802 858 1004 912 artem
1058 847 1400 930 ignoraret,
1462 846 1516 908 si
1575 867 1776 909 unum
1831 847 1889 910 ei
1947 846 2202 929 signum
2245 845 2759 909 demonstratum

512 931 696 1013 foret,
740 931 986 1017 absque
1030 929 1334 1014 magistro
1379 938 1590 993 cetera
1633 951 1749 1014 per
1791 950 2040 1013 speram
2088 936 2521 1014 cognosceret.
2585 927 2760 993 Inde

517 1016 709 1082 etiam
774 1037 923 1079 suos
992 1011 1341 1077 liberaliter
1403 1015 1725 1078 instruxit.
1840 1012 2054 1099 Atque
2118 1012 2278 1076 haec
2340 1020 2633 1076 actenus'
2668 1012 2762 1077 de

513 1099 918 1165 astronomia.

1214 1216 1317 1279 54.
1384 1215 1756 1282 Confectioa
1799 1217 1981 1282 abaci
1999 1227 2044 1280 ἃ.

680 1319 761 1384 In
802 1321 1153 1404 geometria
1193 1320 1393 1384 vero*
1435 1341 1565 1390 non
1609 1320 1819 1384 minor
1859 1322 1927 1383 in
1970 1317 2262 1384 docendo
2301 1313 2484 1382 labor
2513 1339 2762 1403 expen-

518 1425 628 1467 sus
673 1414 785 1469 est.
876 1401 1074 1468 Cuius
1118 1402 1575 1467 introductioni
1620 1403 1913 1483 abacum,
1958 1402 2024 1466 id
2067 1412 2165 1467 est
2192 1399 2476 1466 tabulam
2505 1400 2761 1465 dimen-

412 1513 428 1526 ·
518 1485 803 1551 sionibus
863 1507 901 1548 a
949 1496 1100 1568 tam,
1161 1508 1352 1571 opere
1411 1488 1674 1551 scutarii
1729 1489 1938 1552 effecit
1957 1500 1996 1550 ¹.
2107 1485 2308 1551 Cuius
2364 1483 2760 1569 longitudini

515 1571 585 1634 in
626 1570 705 1632 27
752 1508 1040 1654 partizus
1086 1569 1382 1633 diductae
1436 1591 1670 1634 novem
1711 1593 1978 1635 numero
2021 1580 2204 1634 notas
2247 1591 2501 1633 omnem
2528 1591 2760 1633 nume-

515 1675 659 1717 rum
702 1652 1135 1737 significantes
1165 1653 1499 1738 disposuit.
1584 1652 1689 1716 Ad
1728 1676 1994 1740 quarum
2040 1655 2233 1719 etiam
2271 1651 2763 1718 similitudinem
2805 1716 2812 1722 .

514 1734 689 1800 ‘mille
754 1756 1022 1800 corneos
1088 1737 1298 1802 effecit
1362 1746 1734 1818 caracteres,
1801 1741 1912 1823 qui
1975 1761 2090 1824 per
2153 1740 2233 1801 27
2287 1735 2471 1800 abaci
2533 1746 2762 1822 partes

517 1820 809 1899 mutuati,
834 1822 1142 1906 cuiusque
1168 1822 1413 1885 numeri
1444 1820 2033 1906 multiplicationem
2065 1822 2202 1885 sive
2233 1821 2616 1885 divisionem
2646 1821 2761 1885 de-

517 1905 572 1968 si
618 1913 843 1968 narent
858 1927 872 1986 3
888 1912 1064 1968 tanto
1083 1904 1460 1990 compendio
1477 1927 1888 1970 numerorum
1906 1904 2374 1970 multitudinem
2395 1903 2764 1970 dividentes

514 1925 620 2053 veq
664 1986 1178 2074 multiplicanteS,
1221 1999 1292 2053 ut
1333 2011 1447 2073 pre
1491 1991 1690 2053 nimia
1732 1991 2184 2054 numerositate
2228 1990 2446 2073 potius
2483 1987 2760 2074 intelligi

519 2093 711 2158 quam
769 2072 983 2137 verbis
1036 2072 1322 2138 valerent
1377 2073 1647 2138 ostendi.
1749 2073 2041 2155 Quorum
2099 2073 2432 2138 scientiam
2539 2073 2608 2134 ui
2665 2071 2760 2136 ad

559 2155 777 2221 lenum
835 2157 997 2220 scire
1056 2156 1393 2238 desiderat,
1445 2156 1618 2242 legat
1661 2158 1796 2223 eius
1851 2157 2105 2239 librum,
2167 2179 2357 2242 quem
2401 2178 2528 2220 scr1
2575 2156 2628 2220 it
2668 2155 2760 2220 ad

513 2179 1051 2306 gonstantinumb
1094 2242 1584 2327 grammaticum
1605 2253 1647 2305 ².
1742 2242 1847 2305 Ibi
1889 2243 2060 2306 enim
2102 2241 2263 2305 haec
2309 2240 2462 2304 satis
2506 2239 2760 2304 habun-

515 2324 865 2410 danterque
909 2333 1176 2388 tractata
1216 2326 1514 2389 inveniet.

278 2440 357 2497 '’P·
392 2446 494 2487 ⁶¹⁹·
655 2443 797 2510 *55
861 2432 1114 2508 Fama}³
1160 2443 1459 2510 Gerberti
1502 2467 1620 2529 per
1665 2443 1909 2509 Gallias
1954 2452 2017 2508 et
2057 2442 2310 2508 Italiam
2355 2409 2631 2508 diffusa..

278 2499 393 2546 ,Μ’
418 2506 492 2546 ⁸6⁶
724 2545 1045 2611 Fervebat
1143 2545 1371 2610 studiis
1391 2595 1409 2629 ,
1543 2568 1972 2633 numerusque
2104 2544 2567 2644 discipulorum
2686 2547 2759 2608 in

514 2628 651 2693 dies
709 2628 1139 2693 accrescebat.
1251 2630 1500 2694 Nomen
1567 2631 1756 2694 etiam
1821 2631 1982 2694 tanti
2040 2629 2318 2693 doctor1s
2381 2628 2757 2694 ferebaturd

513 2733 643 2776 non
688 2711 892 2776 solum
947 2734 1064 2797 per
1119 2711 1381 2794 Gallias,
1438 2712 1550 2776 sed
1613 2713 1804 2777 etiam
1857 2736 1972 2797 per
2032 2713 2417 2778 Germaniae
2524 2713 2758 2799 opulos

513 2793 916 2861 dilatabatur.
994 2795 1397 2882 Transiitque
1436 2819 1558 2894 per
1599 2795 1798 2882 Alpes
1841 2819 1918 2860 ac
1963 2797 2341 2862 diffunditur
2383 2797 2450 2859 in
2532 2797 2754 2862 taliam

510 2901 714 2965 usque
758 2877 1141 2942 Thirrenum
1188 2891 1251 2944 et
1292 2880 1714 2943 Adrlaticum.
1819 2880 1966 2960 Quo
2020 2892 2307 2967 tempore
2364 2879 2627 2946 Otricus
2682 2883 2756 2946 in

514 2962 797 3029 Saxonia
850 2962 1122 3047 insignis
1182 2963 1539 3028 habebatur
1555 2974 1597 3027 ³.
1699 2963 1828 3027 Hic
1888 2987 2036 3028 cum
2134 2964 2454 3051 hilosophi
2508 2965 2752 3029 famam

510 3045 794 3110 audisset
866 3044 1379 3134 adverteretque,
1455 3047 1630 3134 quod
1692 3048 1758 3110 in
1837 3050 2011 3112 omni
2089 2988 2519 3135 disputatione
2613 3057 2759 3114 rata

442 3209 457 3218 ·
508 3151 725 3195 rerum
768 3129 1083 3194 divisione
1112 3139 1413 3213 uteretur,
1458 3128 1692 3214 agebat
1721 3133 1897 3217 apud
1927 3154 2091 3212 suos,
2137 3143 2208 3196 ut
2251 3131 2504 3218 aliquae
2531 3156 2753 3199 rerum

510 3213 860 3278 divisarum
918 3212 1163 3298 figurae
1228 3215 1309 3280 ab
1379 3213 1570 3279 scolis
1627 3213 1990 3300 philosophi
2034 3216 2160 3281 sibi
2201 3216 2623 3300 deferrentur,
2687 3226 2758 3282 et

510 3297 790 3363 maxime
846 3297 1309 3385 philosophiae,
1369 3319 1444 3364 eo
1507 3299 1682 3385 quod
1732 3299 1800 3362 in
1857 3310 1997 3364 rata
2049 3301 2185 3365 eius
2243 3301 2560 3367 divisione
2605 3323 2750 3389 per-

654 3499 702 3566 *)
744 3501 894 3552 cuius
915 3500 1048 3551 nihil
1067 3506 1190 3552 ante
1216 3501 1427 3554 Galliae
1454 3501 1710 3568 scriptum
1730 3501 2020 3566 habebant,
2043 3505 2272 3568 quantus
2298 3501 2452 3554 labor
2480 3518 2752 3570 expensus

745 3574 829 3634 sit,
870 3590 1043 3625 sermo
1080 3576 1254 3641 impar
1294 3574 1474 3626 dicere
1514 3591 1621 3626 non
1659 3575 1858 3627 sufficit
1898 3576 1948 3626 1.

625 3733 670 3786 a)
720 3734 893 3788 Conse,
934 3736 976 3775 ci
1016 3737 1128 3776 absc.
1278 3735 1326 3788 b)
1374 3737 1424 3779 C.
1470 3749 1509 3778 c.
1677 3736 1719 3790 c)
1763 3751 1874 3789 quae
1912 3743 2156 3789 sequuntur
2187 3739 2234 3779 in
2265 3739 2384 3789 solio
2436 3745 2539 3790 poet
2582 3741 2748 3791 adjecto

503 3795 668 3846 scripta
708 3800 827 3835 eum.
976 3796 1023 3845 d)
1056 3797 1201 3836 fertur
1234 3819 1286 3827 —
1317 3796 1556 3837 dilatatur.
1618 3797 1898 3848 Transitque
1931 3800 1971 3838 1.

655 3932 711 4000 1)
754 3933 836 3985 cf.
881 3933 1121 3996 Chadas,
1158 3934 1517 4002 ‘Explication
1558 3935 1653 3988 des
1689 3936 1876 3989 traites
1915 3936 1982 3988 de
2006 3935 2264 4000 l'abacus,
2295 3944 2351 3989 et
2375 3936 2749 4005 particuliere-

504 4013 651 4058 ment
691 4007 761 4058 du
798 4005 955 4058 traite
996 4007 1063 4058 de
1093 4007 1333 4059 Gerbert'
1373 4007 1550 4076 (Paris
1593 4008 1750 4060 1843.
1790 4008 1868 4077 4).
1982 4009 2039 4077 2)
2079 4011 2164 4062 De
2206 4011 2468 4062 divisione
2497 4027 2743 4064 numero·

505 4095 651 4143 rum3
690 4098 741 4131 v.
772 4080 969 4132 Olleris
1006 4097 1060 4147 p.
1088 4080 1194 4130 349
1222 4097 1341 4148 sqq.
1453 4078 1515 4148 3)
1554 4083 1639 4132 De
1680 4099 1784 4148 quo
1826 4084 1894 4134 cf.
1919 4083 2146 4135 Thietm.
2185 4083 2292 4144 111,
2332 4083 2384 4135 8.
2426 4085 2520 4150 v1,
2561 4087 2649 4138 26.
2691 4092 2748 4138 et

503 4153 570 4204 V.
592 4153 894 4292 δὲξῖἱδθηί
945 4169 995 4204 a.
1036 4154 1275 4206 Iohanne
1318 4170 1363 4206 c.
1402 4155 1434 4204 3
1488 4155 1615 4222 (SS.
1654 4155 1749 4219 1v,
1791 4173 1844 4223 p.
1886 4157 2036 4225 582),
2093 4173 2144 4210 a.
2183 4157 2439 4210 Brunone
2481 4176 2531 4211 c.
2569 4161 2604 4211 5
2644 4159 2748 4227 (ib.

503 4242 556 4293 p.
729 4261 743 4276 .
