3059 4834
33 1155 36 1180 -
33 1089 35 1094 .
33 757 40 1044 .-.vv-*q-
33 253 40 746 -——-—.—-.—.-—
33 87 36 216 -----

49 2512 62 2575 l

679 272 983 324 RICHERI
1020 273 1527 327 HISTORIARUM
1565 273 1787 326 LIBER
1823 274 1927 326 III.
2324 277 2425 326 113

209 441 377 517 tibus
419 441 505 505 ad
556 441 794 504 victum
850 439 1258 505 deferendum
1313 440 1534 506 stadiis
1582 442 1702 506 160
1744 442 2256 529 circumquaque.
2340 443 2429 508 Et

250 525 360 587 uia
403 523 700 623 Sequana
738 523 1159 605 interfluebat,
1203 535 1423 590 neuter
1464 526 1778 590 exercitus
1821 525 1904 590 ad
1947 548 2014 590 se
2057 525 2422 592 accedebat.

272 630 365 671 ux
418 630 587 672 emm
643 608 710 670 in
766 607 963 672 altera
1017 607 1197 672 fluvii
1253 619 1433 694 parte
1486 607 1716 675 milites
1770 608 2138 695 colligebat3
2195 620 2262 675 at
2301 613 2424 677 hoc

203 691 487 756 triduum
528 714 658 755 non
700 691 1053 757 sufficiebat
1094 691 1176 756 ad
1220 691 1715 778 colligendorum
1775 693 2221 759 sufficientiam
2262 694 2423 759 mili-

204 786 363 859 tum,
403 796 523 841 nec
562 776 700 840 fieri
743 777 953 861 potuit
994 777 1200 861 copia,-
1241 777 1410 841 unde
1454 777 1962 862 congrederetur.
1980 780 2008 811 *

843 915 940 979 76.
1026 914 1470 979 Monomachia
1511 914 1801 980 duorum.

374 1015 539 1080 Cum
598 1027 786 1101 ergoa
838 1026 1105 1101 uterque
1165 1018 1483 1082 exercitus
1541 1016 1732 1082 dubio
1784 1028 1948 1082 esset
2005 1027 2170 1082 statu
2227 1029 2290 1083 et
2348 1019 2427 1083 de

195 1101 476 1164 victoria
505 1098 878 1164 altrinsecus
907 1107 1039 1165 tota
1066 1109 1278 1165 mente
1309 1110 1738 1186 quaereretur,
1778 1101 2134 1166 Germanus
2167 1103 2427 1187 quidam

192 1184 415 1250 animo
460 1182 645 1247 simul
689 1195 752 1249 et
792 1183 1035 1248 viribus
1065 1183 1287 1266 fidens,
1332 1183 1671 1269 singularis
1701 1184 1784 1249 ad
1815 1185 2248 1249 dimicandum
2279 1208 2425 1250 cum

192 1270 393 1333 armis
451 1271 759 1352 processit
813 1290 1075 1366 seseque
1118 1267 1199 1331 ad
1245 1276 1523 1352 pontem,
1579 1266 1691 1332 ubi
1743 1279 1965 1353 portae
2019 1278 2197 1334 erant
2247 1291 2426 1355 repa-

71 1357 83 1366 ’
192 1349 365 1437 gulis
409 1361 473 1416 et
515 1351 709 1415 clavis
751 1351 971 1416 ferreis
1013 1352 1311 1430 munitae,
1357 1373 1840 1436 congressurum
1885 1351 2086 1416 solum
2117 1375 2262 1417 cum
2292 1352 2424 1417 solo

194 1433 445 1500 obtulit.
533 1435 805 1500 Hostem
848 1445 920 1500 ut
960 1437 1203 1499 veniret
1245 1434 1583 1520 singularis
1629 1458 2083 1520 saepenumero
2129 1436 2426 1521 inclama-

191 1521 309 1584 vit.
393 1519 479 1584 Et
522 1541 667 1583 cum
724 1521 853 1583 iam
906 1520 973 1582 in
1018 1518 1345 1583 Gallorum
1404 1528 1833 1606 contemptum
1881 1521 2195 1605 quaedam
2237 1521 2428 1586 male·

190 1603 371 1667 dicta
411 1602 777 1684 effunderet,
819 1625 938 1668 nec
979 1603 1207 1689 aliquis
1251 1604 1311 1668 ei
1338 1604 1767 1689 responderet,
1810 1627 1926 1691 per
1957 1604 2248 1670 custodes
2279 1605 2429 1669 duci

188 1685 467 1772 aliisque
508 1688 921 1772 principibus,
980 1689 1088 1773 qui
1130 1689 1259 1751 iam
1302 1689 1494 1772 pauci
1538 1689 1940 1768 advenerant,
1997 1688 2264 1753 relatum
2307 1700 2424 1770 est,

190 1770 282 1834 ad
371 1779 538 1835 ortas
580 1773 789 1856 pontis
832 1771 1198 1836 huiusmodi
1240 1794 1377 1836 esse
1420 1770 1760 1853 hominem,
1808 1773 1918 1856 qui
1961 1794 2100 1837 sese
2129 1772 2213 1836 ad
2242 1772 2426 1836 dimi-

188 1877 320 1919 can
364 1877 474 1917 um
538 1853 937 1939 singulariter
1000 1854 1203 1918 solum
1268 1877 1412 1918 cum
1468 1854 1600 1918 solo
1654 1865 2066 1939 proponeret,
2118 1855 2424 1942 illumque

189 1938 449 2038 probris
492 1950 555 2004 et
599 1937 997 2003 contumeliis
1025 1937 1366 2035 verborum
1393 1938 1716 2022 principes
1743 1935 2057 2018 lacessire,
2101 1959 2219 2002 nec
2247 1937 2426 2002 illum

189 2021 347 2087 mde
388 2044 787 2087 recessurum
830 2044 987 2103 esse,
1029 2021 1154 2084 nisi
1196 2031 1308 2084 aut
1350 2018 1751 2104 singulariter
1793 2021 2258 2104 congrediatur,
2317 2033 2427 2087 aut

191 2107 399 2193 portis
456 2107 675 2170 incisis
734 2115 903 2170 totus
946 2097 1264 2169 exercitus
1313 2104 1780 2169 intromittatur.
1867 2104 2025 2167 Dux
2067 2126 2213 2167 cum
2255 2105 2424 2188 prin-

194 2191 453 2275 cipibus
508 2189 675 2251 hanc
730 2185 1175 2252 contumeliam
1216 2209 1346 2250 non
1400 2186 1627 2268 ferens,
1681 2188 1914 2251 tirones
1931 2189 1959 2230 ¹>
2010 2187 2312 2270 hortatur,
2354 2197 2425 2252 ut

190 2273 513 2338 furentem
530 2274 587 2303 ²⁸*
644 2269 953 2356 repellant
1023 2281 1087 2334 et
1138 2293 1177 2334 a
1228 2280 1405 2335 tanta
1444 2271 1795 2354 ignominia
1835 2272 2092 2369 purgati
2147 2273 2421 2336 nominis

196 2355 470 2441 gloriam
515 2353 638 2418 sibi
680 2356 993 2420 affectent.
1064 2355 1222 2418 Mox
1310 2376 1457 2418 uam
1547 2353 1714 2419 lures
1757 2377 1967 2418 ammo
2007 2355 2297 2420 ardentes
2341 2356 2422 2420 ad

198 2437 625 2502 resistendum
655 2443 677 2467 *
694 2461 830 2503 sese
860 2438 1237 2503 obtulerunt.
1336 2461 1449 2524 rgo
1483 2377 1564 2503 (fe
1593 2437 1881 2537 pluribus
1911 2461 2074 2502 unus
2101 2437 2425 2504 electus***

202 2543 659 2605 congressurus
716 2521 1024 2608 procedit.
1109 2523 1431 2587 Premium
1487 2524 1606 2588 vin
1650 2522 1828 2586 fortis
1872 2524 2268 2608 propositum
2311 2535 2422 2589 est.

198 2605 291 2668 Et
332 2603 560 2670 ablatis
616 2605 957 2691 repaguliS,
1018 2616 1239 2692 portae
1294 2606 1649 2691 patefactae
1703 2616 1864 2671 sunt.
1950 2607 2248 2672 Procedit
2303 2608 2426 2674 sibi

200 2686 463 2752 obviam
519 2689 715 2755 hostis
768 2700 1051 2775 uterque.
1149 2691 1275 2771 Qui
1332 2690 1597 2755 obiectis
1656 2689 1732 2753 cli
1782 2692 1872 2755 eis
1928 2690 2195 2776 telisque
2251 2692 2425 2757 obni-

195 2782 423 2854 tentes,
468 2784 677 2838 mente
719 2774 953 2838 furiata
993 2795 1203 2859 pauca
1244 2774 1590 2839 admodum
1666 2713 1856 2840 τοξικὴ
1884 2775 2006 2839 sibi
2036 2776 2423 2840 obiecerunt.

198 2857 560 2922 Germanus
602 2859 858 2923 tandem
900 2858 1099 2922 telum
1141 2858 1469 2942 iaculatus,
1530 2858 1634 2924 Ga
1677 2861 1699 2922 i
1755 2859 2026 2946 clipeum
2067 2861 2251 2945 gravi
2294 2862 2428 2924 ictu

194 2941 543 3026 pertundit.
632 2941 993 3029 Gladioque
1048 2942 1274 3007 educto
1334 2965 1481 3008 cum
1537 2966 1762 3028 urgere
1817 2945 2098 3025 instaret,
2155 2964 2194 3006 a
2238 2943 2424 3008 Gallo

196 3045 357 3088 mox
384 3024 509 3090 telo
541 3024 863 3112 obliquato
894 3027 1221 3090 confixus⁰
1266 3038 1457 3112 atque
1494 3029 1672 3093 vitad
1709 3029 1996 3112 privatus
2026 3037 2138 3093 est.
2199 3026 2422 3092 Gallus

193 3109 475 3173 victoria
574 3110 782 3190 otitus,
840 3109 921 3173 ab
964 3110 1143 3174 hoste
1194 3121 1377 3196 rapta
1418 3133 1597 3178 arma
1637 3113 1987 3196 asportavit
2041 3123 2230 3198 atque
2273 3112 2423 3176 duci

196 3191 449 3257 obtulit.
526 3132 655 3257 I{sir
694 3192 872 3257 fortis
914 3195 1231 3277 premium
1272 3196 1456 3279 petiit
1498 3204 1562 3258 et
1603 3197 1869 3279 accepit.

332 3331 431 3395 77.
522 3330 772 3396 Ottonis
814 3351 854 3392 a
899 3327 1141 3394 Galliae
1186 3329 1548 3415 digressuse
1594 3353 1978 3417 suorumque
1997 3343 2020 3373 θ
2062 3330 2216 3416 fuga
2232 3343 2276 3392 θ.

375 3432 529 3498 Otto
584 3431 915 3496 Gallorum
966 3432 1321 3495 exercitum
1372 3433 1606 3496 sensim
1663 3431 1873 3516 colligi
1929 3454 2060 3496 non
2107 3433 2426 3518 ignorans,

198 3539 395 3582 suum
440 3518 631 3582 etiam
674 3525 805 3579 tam
847 3513 1036 3600 longo
1078 3515 1302 3580 itinere
1345 3537 1538 3601 quam
1589 3517 1866 3581 hostium
1922 3517 2182 3579 incursu
2239 3537 2428 3601 posse

353 3703 402 3772 ⁴¹)
439 3707 555 3756 Nec
594 3704 1058 3771 pretermittendus
1106 3689 1317 3754 videtur
1370 3719 1687 3771 congressus
1739 3704 1976 3768 duorum,
2029 3721 2249 3772 quorum
2287 3707 2428 3758 alter

450 3780 760 3842 Germanus,
798 3777 935 3829 alter
968 3793 1095 3828 vero
1136 3776 1321 3829 Gallus
1358 3778 1473 3829 fuit.
1516 3779 1644 3831 add.
1688 3780 1736 3829 1.
2043 3799 2050 3806 ·

335 3850 409 3918 **)
448 3857 507 3902 ut
558 3867 743 3902 canem
790 3851 1071 3902 latrantem
1121 3851 1385 3917 repellant
1422 3858 1475 3903 et
1513 3869 1546 3902 a
1582 3858 1730 3903 tanta
1771 3853 2060 3916 ignominia
2111 3867 2215 3902 non
2256 3850 2426 3904 solum

446 3941 581 3991 sese,
622 3925 716 3976 sed
757 3931 811 3976 et
846 3929 1013 3976 totam
1048 3930 1264 3990 gentem
1302 3941 1451 3976 suam
1490 3925 1776 3977 emundent
1812 3941 1877 3975 ac
1913 3941 2008 3992 per
2045 3923 2251 3976 infinita
2294 3932 2427 3976 tem-

449 4013 581 4064 pora
617 4013 670 4048 11.
710 3999 783 4063 gl.
827 3998 875 4050 1.

307 4069 407 4138 ***)
445 4072 571 4124 IVO
614 4071 724 4122 add
764 4072 813 4122 1.

330 4215 375 4269 a)
402 4222 503 4268 post
532 4217 630 4257 add.
747 4215 795 4269 b)
827 4219 995 4260 milites
1024 4229 1235 4270 cuper-ror.
1267 4220 1341 4261 vel
1370 4219 1543 4260 tirones
1572 4229 1608 4263 c.
1731 4217 1772 4270 c)
1805 4229 1844 4260 c.
1874 4221 1942 4258 est
1973 4219 2014 4258 1.
2137 4215 2182 4272 d)
2217 4219 2354 4260 ermis
2387 4219 2430 4258 1.

206 4273 257 4329 e)
286 4277 384 4330 Ilia,
417 4288 469 4316 us
502 4288 570 4328 su,
602 4287 660 4327 ga
689 4277 799 4317 absc.
2279 4291 2283 4296 ·

2447 467 2548 508 ⁹⁷8.

2445 2463 2559 2508 *fob
2592 2468 2666 2510 89.
