3059 4834
464 506 565 550 ⁹89.

364 1568 382 1590 '
394 1584 438 1624 p.
472 1571 575 1616 688,

308 2425 418 2479 Sap.
454 2429 496 2482 1,
530 2427 575 2470 5.

590 311 693 362 142
1061 309 1369 363 RICHERI
1406 309 1911 362 HISTORIARUM
1946 311 2170 362 LIBER
2205 311 2344 362 1111.

976 478 1077 544 30.
1159 477 1529 543 Eukaristia
1543 489 1572 521 ⁸
1613 499 1807 544 causa
1846 479 2218 564 perditionis
2259 477 2430 543 data.

754 579 948 661 Quod
989 601 1135 643 cum
1176 581 1317 664 regi
1358 581 1610 665 penitus
1663 579 1998 663 sufficeret,
2055 582 2374 680 episcopis
2415 589 2651 661 tamen,
2693 581 2822 644 ut¹’

586 664 787 730 fertur
802 665 852 747 ¹³,
893 685 1022 727 non
1064 664 1217 728 satis
1259 664 1327 728 id
1367 665 1582 728 visum
1623 674 1737 746 est,
1793 665 1917 728 nisi
1937 677 1964 708 ‘²
2005 663 2160 730 illud
2203 674 2394 729 etiam
2437 663 2810 736 adderetur,

589 758 661 813 ut
702 748 768 811 in
813 749 1147 812 missarum
1210 746 1630 813 celebratione
1687 747 2100 813 eukaristiam
2158 769 2201 811 a
2233 747 2562 812 sacerdote
2605 769 2817 811 sume-

586 842 687 897 ret
713 854 977 917 eamque
990 832 1021 874 ‘¹
1047 832 1420 916 perditionis
1454 852 1718 896 causam
1748 831 1872 896 sibi
1889 834 1958 897 in
2003 832 2280 897 recando
2303 853 2518 896 coram
2540 853 2577 896 ο
2629 839 2824 913 taret,

588 917 644 979 si
685 915 879 980 fidem
919 913 1219 980 violando
1261 936 1569 1014 umquam
1611 915 1896 981 desertor
1945 855 2142 982 li'eret.
2229 915 2422 997 Quod
2463 925 2528 980 et
2594 924 2818 980 actum

586 999 725 1064 fuit.
818 999 985 1064 Nam
1042 999 1337 1064 sacerdos
1378 1009 1545 1064 mter
1596 999 2043 1064 celebrandum
2101 999 2510 1064 eukaristiam
2564 998 2821 1084 optulit,

590 1094 655 1148 et
676 1085 705 1126 Ι)
746 1081 851 1148 ille
904 1093 1363 1169 consequenter
1404 1085 1674 1169 sumpsit
1725 1093 1952 1169 atque⁰
2006 1083 2089 1148 ad
2147 1084 2442 1148 iuditium
2497 1082 2620 1147 sibi
2677 1083 2824 1148 fieri

591 1168 855 1254 optavit,
898 1167 956 1230 si
996 1165 1122 1231 ullo
1165 1169 1356 1232 modo
1398 1167 1550 1231 fidei
1591 1166 1860 1233 violator
1901 1169 2250 1232 exsisteret.
2325 1166 2516 1247 Quod
2551 1167 2822 1232 tandem

590 1252 727 1337 regi
770 1262 833 1316 et
873 1251 1250 1337 primatibus
1294 1249 1487 1315 fidem
1528 1251 1697 1315 fecit.

1190 1372 1291 1436 31.
1374 1370 1808 1458 Reprehensio
1851 1370 1932 1436 de
1976 1370 2220 1436 codem.

759 1471 1095 1538 Nonnullis
1134 1483 1367 1556 tamen,
1402 1496 1676 1560 quorum
1704 1497 1882 1539 mens
1911 1474 2242 1572 purgatior
2269 1482 2431 1555 erat,
2473 1471 2790 1538 nefarium
2803 1474 2833 1516 f

594 1567 658 1622 et
699 1565 921 1621 contra
961 1556 1112 1620 fidei
1152 1558 1251 1622 ius
1296 1557 1399 1621 *id
1443 1557 1752 1622 creditum
1795 1567 1910 1622 est.
1979 1557 2316 1621 Eiusmodi
2358 1558 2530 1622 enim
2557 1566 2824 1621 naturae

593 1638 913 1704 hominem
957 1660 1096 1704 esse
1138 1640 1413 1722 aiebant,
1455 1650 1527 1705 ut
1567 1638 1750 1705 facile
1767 1643 1796 1684 ¹)
1838 1663 1956 1726 per
1997 1663 2134 1705 sese
2165 1651 2604 1726 corrumpatur
2625 1640 2694 1703 in
2722 1661 2820 1722 se,

594 1721 867 1808 amplius
928 1744 1080 1788 vero
1137 1725 1204 1787 in
1250 1723 1604 1789 ulsionibus
1657 1725 1742 1789 ad
1795 1723 2107 1810 flagitium
2172 1726 2564 1790 extrinsecus
2621 1745 2818 1809 posse

594 1805 892 1893 pertrahi.
978 1745 1369 1873 Asserebant
1395 1829 1523 1894 quo
1569 1831 1649 1873 ue
1677 1830 1762 1873 ex
1791 1808 2060 1873 decretis
2088 1818 2342 1908 patrum
2372 1817 2434 1874 et
2449 1820 2480 1863 8
2506 1828 2828 1872 canonum

595 1891 869 1976 scriptis,
927 1913 1133 1978 neque
1188 1893 1458 1958 invitum
1637 1893 2039 1958 eucaristiam
2089 1892 2564 1979 impellendum,
2613 1912 2832 1977 neque

595 1975 999 2040 eucaristiam
1041 1976 1413 2062 perditionis
1455 1997 1652 2041 causa
1706 1978 1810 2041 cui
1855 1998 2005 2040 uam
2060 1977 2466 2058 offerendam,
2523 1998 2671 2040 cum
2729 1997 2828 2039 re-

595 2058 979 2144 demptionis
1098 2061 1226 2125 atia
1268 2071 1332 2126 et
1364 2060 1726 2146 petentibus
1770 1999 2158 2126 offerendam
2215 2070 2280 2124 et
2325 2060 2542 2125 invitis
2583 2081 2828 2144 negan-

597 2141 744 2208 dam
788 2142 1021 2208 creden
1066 2167 1175 2208 um
1217 2146 1317 2209 sit.
1402 2145 1744 2230 Indignum
1799 2146 1992 2210 etiam
2029 2143 2255 2225 videri,
2297 2167 2530 2243 panem
2545 2145 2574 2186 ¹¹
2633 2163 2828 2228 ange-

593 2224 801 2291 lorum
843 2237 909 2292 et
950 2227 1277 2294 hominum
1320 2237 1558 2293 temere
1597 2229 1878 2315 indignis
1921 2228 2080 2311 dari,
2125 2250 2270 2292 cum
2309 2250 2453 2314 1psa
2499 2228 2834 2292 Divinitas

596 2318 661 2374 et
701 2311 1041 2376 inmundos
1082 2311 1420 2377 abhorreat
1461 2321 1525 2377 et
1565 2333 1762 2399 puros
1803 2313 1966 2376 mira
2006 2311 2316 2398 parcitate
2365 2312 2597 2393 foveat,
2643 2313 2820 2376 iuxta

638 2394 771 2458 uod
842 2395 1148 2482 scriptum
1218 2407 1343 2462 est:
1416 2395 1714 2482 ‘Spiritus
1785 2406 2040 2462 sanctus
2111 2393 2486 2483 disciplinae
2560 2396 2820 2482 effugiet

641 2487 833 2560 ctum,
878 2490 942 2545 et
983 2480 1225 2546 auferet
1264 2503 1331 2545 se
1360 2503 1399 2543 a
1428 2481 1920 2579 cogitationibus
1949 2502 2113 2567 quae
2143 2491 2290 2546 sunt
2317 2481 2453 2546 sine
2481 2479 2827 2562 intellectu,

596 2572 661 2627 et
702 2563 1077 2649 corripietur
1117 2585 1157 2627 a
1197 2575 1679 2650 supervemente
1719 2566 2090 2650 iniquitate'.

732 2682 833 2747 32.
921 2683 1111 2763 Quod
1152 2682 1423 2771 amplius
1465 2687 1630 2749 iusto
1673 2683 1983 2748 Karolum
2022 2682 2324 2748 Arnulfus
2367 2682 2676 2749 dilexerit.

762 2782 867 2848 Ab
911 2785 1228 2871 episcopis
1272 2807 1424 2871 ergo
1466 2787 1812 2850 Remorum
1856 2786 2177 2851 dioceseos
2222 2783 2548 2850 ordinatus
2588 2781 2826 2848 Amul-

595 2867 697 2931 fus
757 2876 821 2931 et
882 2867 1377 2934 sacerdotalibus
1440 2869 1656 2935 infulis
1720 2868 2016 2935 decenter
2076 2869 2199 2933 insi
2292 2869 2414 2934 ‘tus
2469 2877 2580 2933 est.
2681 2867 2826 2931 Nec

596 2949 793 3015 multo
837 2961 986 3036 post
1026 2974 1065 3015 a
1105 2975 1279 3038 papa
1319 2953 1607 3017 Romano
1659 2955 1925 3017 missum
1980 2965 2203 3048 aposto
2228 2953 2365 3018 icae
2423 2952 2824 3017 auctoritatis

595 3033 861 3132 pallium
918 3057 1057 3099 sum
1108 3036 1206 3100 sit.
1306 3037 1433 3117 Qui
1493 3059 1640 3101 cum
1697 3059 1779 3100 ex
1835 3045 2034 3101 tanta¹
2079 3036 2385 3124 dignitate
2441 3034 2827 3122 procederet

595 3117 882 3202 insignis,
924 3116 1036 3183 illu
1120 3129 1334 3184 tamen
1373 3120 1700 3185 infortunii
1741 3142 1944 3206 genus
1987 3119 2433 3202 arbitrabatur,
2519 3119 2700 3183 uodi
2753 3139 2827 3182 se

598 3211 915 3302 superstes
957 3202 1036 3268 de
1078 3204 1285 3290 patrio
1328 3226 1560 3290 genere
1601 3202 1842 3268 nullum
1879 3215 2096 3304 preter
2122 3203 2430 3270 Karolum
2446 3205 2478 3246 k
2563 3201 2686 3267 abe
2733 3213 2822 3267 at.

595 3284 1022 3351 Miserrimum
1066 3309 1317 3375 quoque
1362 3287 1487 3352 sibi
1513 3288 1737 3372 videri,
1781 3289 1836 3352 si
1874 3289 1962 3353 1s¹
2000 3289 2240 3354 honore
2279 3287 2705 3369 frustraretur,
2749 3289 2821 3350 in

596 3391 721 3456 quo
766 3369 899 3435 solo
943 3394 1089 3458 spes
1129 3372 1498 3438 restituendi
1539 3394 1740 3458 genus
1781 3381 2115 3458 paternum
2158 3373 2281 3438 sita
2319 3370 2498 3436 foret.
2575 3371 2820 3435 Patruo

593 3454 809 3541 itaque
862 3456 1345 3540 miserescebat3
1410 3455 1588 3520 illum
1645 3457 1984 3542 cogitabat,
2044 3455 2225 3520 illum
2289 3454 2536 3520 colebat
2550 3503 2568 3537 ,
2632 3453 2816 3518 illum

591 3559 713 3623 pro
824 3540 1149 3606 arentibus
1209 3541 1607 3605 carissimum
1670 3537 1964 3606 habebat.
2071 3538 2268 3625 Apud
2330 3561 2520 3625 quem
2585 3537 2816 3603 collato

594 3621 765 3686 cons⁰
819 3643 855 3686 o
929 3623 1269 3708 querebat,
1324 3645 1600 3710 quonam
1658 3625 1849 3688 modo
1902 3625 1971 3689 in
2029 3623 2278 3688 culmen
2328 3623 2586 3688 honoris
2635 3620 2816 3686 illum

590 3704 941 3792 provehere
961 3716 1196 3794 posset,
1218 3708 1311 3771 sic
1330 3716 1545 3772 tamen
1565 3716 1635 3772 ut
1653 3707 1792 3793 ipse
1813 3708 1986 3794 regis
2007 3706 2288 3774 desertor
2306 3727 2434 3771 non
2453 3715 2820 3794 appareret.

1300 3828 1401 3893 33.
1484 3828 1828 3892 Remorum
1870 3829 2099 3915 captio.

758 3927 956 3995 Cuius
996 3931 1090 3994 rei
1129 3931 1441 3996 rationem
1482 3930 1575 3994 sic
1615 3929 1754 3994 fieri
1794 3928 2236 4012 arbitrabatur,
2277 3938 2348 3994 ut
2373 3939 2753 3995 statueretur
2767 3943 2815 3972 Ε·

590 4020 863 4098 tempus,
923 4036 1049 4102 quo
1092 4015 1396 4101 primates
1439 4023 1595 4100 quot
1635 4023 1855 4100 posset
1904 4016 1973 4078 in
2011 4012 2170 4079 urbe
2221 4014 2351 4078 acsi
2393 4011 2638 4100 aliquid
2679 4036 2813 4078 ma-

708 4173 753 4226 a)
786 4175 825 4215 E
856 4176 969 4220 abac.
1086 4178 1133 4231 b)
1160 4183 1259 4228 poce
1287 4178 1387 4220 add.
1490 4175 1534 4229 c)
1567 4178 1608 4217 si
1638 4188 1751 4218 corr.
1784 4177 1892 4218 nisi.
1983 4175 2030 4229 d)
2062 4187 2165 4219 eam
2195 4187 2349 4218 coram
2379 4187 2423 4226 p.
2456 4186 2494 4217 c.
2527 4187 2563 4216 s.
2597 4176 2628 4217 1.
2650 4179 2742 4226 opt.
2765 4179 2810 4218 1.

590 4233 634 4287 e)
668 4238 711 4274 et
743 4235 783 4275 1.
916 4233 951 4286 f)
982 4236 1030 4276 id
1060 4247 1105 4276 n.
1141 4238 1181 4277 1.
1317 4235 1364 4288 ς)
1398 4239 1442 4276 et
1471 4240 1518 4278 et
1545 4247 1584 4277 e.
1713 4234 1761 4288 h)
1795 4237 1948 4278 cibum
1979 4238 2019 4278 1.
2151 4233 2186 4287 i)
2213 4238 2357 4277 multa
2384 4237 2423 4279 1.
2556 4232 2605 4286 k)
2637 4235 2695 4277 K.
2727 4245 2810 4286 pa·

587 4297 740 4336 truum
775 4296 814 4336 1.
933 4291 968 4344 l)
1000 4294 1039 4334 is
1071 4294 1197 4334 solus
1232 4297 1272 4336 1.
1394 4291 1457 4345 m)
1492 4298 1744 4336 statuertur
1771 4306 1806 4335 ο.

3014 2331 3027 2565 ι
