3059 4834
697 271 1005 324 RICHERI
1042 260 1547 325 Hlsw'oRIARUM
1583 271 1806 322 LIBER
1844 273 1886 324 Ι.
2340 271 2406 321 19

232 461 382 504 uam
434 437 876 504 malivolorum
893 449 921 480 a
976 438 1218 504 invidia
1272 439 1556 502 animum
1610 438 1938 520 remisisti,
1993 439 2407 504 circumcirca
2424 463 2523 505 920.

190 463 587 589 discordiaeb
628 523 773 589 visb
816 544 856 586 a
896 521 1175 589 latibulis
1206 523 1477 592 emersit.
1552 523 1734 603 Quae
1774 545 1874 587 res
1904 522 2161 589 domino
2191 531 2406 588 nostro
2466 601 2467 604 Ἴ

189 609 325 694 regi
392 606 608 693 apudb
662 608 764 672 teb
825 617 1073 672 oratum
1142 607 1235 670 ire
1304 608 1503 670 suasit
1518 617 1562 670 ⁰.
1659 605 1948 672 Antehac
2013 608 2182 672 enim
2196 608 2225 649 ¹³
2274 629 2403 671 non

186 692 591 757 mediocriter
620 689 702 754 ob
732 692 888 754 tuad
930 691 1157 755 merita
1184 688 1632 755 dilectissimus
1663 689 1856 754 fuisti.
1930 691 2104 754 *Tua
2146 714 2180 755 e
2227 693 2405 776 regia
2425 708 2538 756 ‘fot
2567 713 2623 753 ε’.

186 775 345 841 fides
390 776 450 839 ei
490 775 837 858 recognita,
879 775 947 836 in
988 775 1235 859 magnis
1278 773 1577 859 periculis
1619 773 1887 838 multam
1938 773 2060 839 sibi
2119 774 2165 838 fi
2209 775 2410 840 utiam

189 868 392 946 parat.
481 856 647 921 Cum
690 860 881 922 totius
925 866 1093 922 statu
1135 857 1460 943 dignitatis
1502 859 1660 924 rexh
1702 859 2040 956 potiretur,
2082 857 2410 943 paululum

190 965 229 1006 a
264 953 327 1008 te
372 940 699 1006 oberrasse
722 953 747 984 θ
790 963 928 1006 sese
970 963 1097 1006 non
1138 943 1409 1028 ignorat.
1498 941 1664 1007 Sedf
1700 942 1769 1006 1d
1811 941 2010 1008 multa
2053 941 2180 1008 fide
2224 943 2413 1005 corri-

193 1037 385 1112 gere&
426 1025 633 1110 gestit.
717 1024 855 1090 Nec
898 1035 996 1090 est
1036 1025 1157 1090 hoc
1200 1027 1571 1091 inusitatum
1613 1034 1676 1090 et
1717 1025 2035 1110 singulare
2051 1028 2099 1091 *.
2194 1023 2412 1090 Omni-

191 1131 301 1173 um
360 1119 457 1174 est
510 1109 827 1173 interdum
884 1109 1193 1195 desipere,
1256 1108 1572 1174 bonorum
1613 1131 1764 1175 vero
1791 1111 2143 1175 rationibus
2185 1108 2410 1174 redire.

194 1192 638 1259 Sufferendum
681 1201 777 1258 est
826 1194 1042 1279 itaque
1096 1201 1286 1279 atque
1328 1215 1579 1257 summa
1632 1193 2025 1280 benignitate
2081 1192 2410 1278 indulgen-

120 1289 125 1292 '
191 1277 363 1342 dum.
447 1276 594 1340 Tu¹¹
681 1298 909 1362 uoque,
954 1275 1422 1342 Germanorum
1436 1278 1495 1308 *¹³
1540 1277 1798 1362 optime,
1847 1279 2116 1341 nimium
2157 1300 2197 1341 a
2237 1287 2411 1341 recto

189 1360 528 1426 secessisse
568 1361 636 1426 vi
682 1361 827 1425 eris.
898 1361 1120 1447 Neque
1162 1360 1229 1424 id
1268 1362 1520 1425 mirum.
1603 1361 1770 1425 Nam
1808 1360 1944 1425 dux
1972 1360 2412 1426 Rotbertus***

188 1446 405 1509 omnia
434 1445 654 1509 sitiens
684 1466 751 1509 re
800 1445 948 1530 ique
985 1466 1253 1528 regnum
1294 1444 1656 1510 immaniter
1692 1445 2004 1528 invidens,
2046 1446 2415 1510 incautum†

186 1537 251 1592 te
298 1528 699 1593 suasionibus
748 1532 759 1542 ’
812 1529 963 1593 exit.
1031 1528 1205 1608 Quid
1234 1529 1404 1592 enim
1433 1528 1716 1594 suasorie
1759 1528 2008 1614 digesta
2049 1551 2177 1593 non
2219 1528 2415 1593 efficit

187 1613 390 1676 oratio
406 1611 441 1675 *Ρ
493 1611 779 1676 Nimium
800 1660 818 1694 ,
861 1613 1122 1698 inquam
1138 1660 1155 1694 ,
1198 1609 1281 1676 ab
1324 1614 1610 1700 utrisque
1666 1614 2026 1678 oberratum
2068 1622 2181 1678 est.
2283 1611 2412 1678 Sed

183 1696 318 1760 iam
358 1694 619 1760 tandem
674 1696 850 1781 prior
904 1694 1131 1761 vobisb
1174 1695 1393 1762 redeat
1444 1699 1663 1762 virtus.
1763 1697 2029 1762 Summa
2082 1697 2410 1782 utriusque

186 1801 311 1865 ope
351 1790 619 1866 uterque
661 1781 929 1862 nitatur,
972 1789 1045 1845 ut
1087 1789 1156 1844 tu
1197 1778 1435 1845 habeas
1476 1803 1696 1867 regem
1737 1779 1856 1846 tibi
1907 1781 2197 1867 adprime
2242 1802 2410 1845 com-

184 1862 469 1946 modum,
516 1872 580 1928 et
619 1885 737 1928 rex
777 1862 1009 1928 habeat
1048 1871 1112 1928 te
1153 1864 1364 1928 virum
1409 1887 1547 1929 sese
1591 1864 2053 1950 dignissimum.
2137 1865 2305 1928 Nam
2345 1874 2408 1928 te

183 1945 359 2011 idem
396 1957 682 2033 prestare
709 1948 928 2033 gestiti
966 1949 1044 2011 iis
1076 1947 1369 2012 omnibus
1400 1949 1511 2033 qui
1540 1947 1954 2012 Germaniam
1967 1950 2020 1991 Η
2057 1947 2411 2012 inhabitare

182 2041 554 2096 noscuntur.
643 2029 747 2096 Ob
776 2031 896 2094 hoc
926 2030 1120 2115 igitur
1147 2031 1430 2094 animum
1458 2030 1542 2095 ad
1569 2029 1832 2095 meliora
1857 2052 2108 2095 revoca.
2186 2031 2410 2093 Domi-

182 2136 342 2178 num
357 2117 390 2157 ¹¹
434 2113 757 2179 abiectum
798 2116 1031 2198 recipe,
1074 2122 1147 2177 ut
1188 2123 1250 2178 et
1290 2123 1361 2178 tu
1389 2114 1469 2180 ab
1500 2135 1576 2178 eo
1608 2112 2001 2178 extollendus
2031 2113 2409 2198 excipiaris'.

216 2271 321 2334 24.
380 2269 772 2352 Responsio¹
814 2267 1197 2416 Heinricigf's
1237 2268 1348 2417 {1¹
1390 2270 1946 2416 metropolitanum
1988 2270 2369 2336 Heriveum¹

1163 2375 1198 2417 e
1303 2375 1413 2417 aro
1440 2375 1497 2417 o.

357 2452 465 2517 Ad
506 2453 665 2517 haec
705 2453 1047 2518 Heinricus
1062 2455 1143 2517 ÷¹¹¹:
1188 2453 1445 2535 ‘Multa',
1485 2455 1722 2541 inquit,
1769 2458 1934 2520 ‘meh
1976 2455 2058 2520 ab
2103 2456 2202 2520 his
2221 2467 2264 2498 ¹¹¹
2308 2455 2411 2521 de-

175 2540 539 2620 hortantur,
567 2537 691 2601 nisi
718 2545 847 2619 tua,
876 2546 1058 2636 pater
1086 2539 1361 2622 egregie,
1390 2539 1588 2603 virtus
1617 2539 1703 2604 ad
1739 2539 1911 2605 idem
1941 2539 2411 2626 quodammodo

172 2620 528 2708 pertrahat.
618 2620 768 2685 Scio
812 2643 999 2704 emm,
1046 2643 1236 2708 quam
1280 2620 1538 2688 difficile
1582 2633 1645 2688 et
1684 2623 1952 2688 arduum
1996 2625 2078 2688 sit
2095 2673 2112 2707 ,
2159 2625 2218 2688 ei
2262 2646 2408 2689 con-

174 2704 401 2770 silium
458 2704 640 2787 dare,
696 2717 885 2769 cumn
945 2727 1061 2769 sua
1124 2706 1576 2789 inconstantia,
1633 2716 1771 2772 tum
1828 2729 2087 2772 suorum
2141 2708 2404 2774 invidia.

170 2790 334 2854 Non
377 2798 472 2853 est
513 2790 909 2875 incognitum
952 2788 1125 2872 mihi,
1173 2799 1479 2888 quantum
1521 2813 1637 2878 pro
1683 2813 1759 2856 eo
1804 2791 1978 2856 domi
2020 2791 2406 2879 militiaeque

170 2873 437 2960 pridem
466 2873 855 2938 certaverim.
940 2871 1106 2938 Illud
1142 2883 1332 2938 etlam
1359 2875 1762 2940 notissimum
1793 2885 2057 2958 constat,
2102 2886 2410 2962 quantum

170 2959 363 3023 circa
402 2979 505 3022 me
546 2955 673 3020 fide
716 2954 933 3021 debita
972 2956 1211 3022 abusus
1253 2959 1351 3022 sit.
1436 2958 1516 3023 Id
1554 2958 1856 3040 fortassiS,
1900 2969 2125 3046 pater,
2153 2982 2409 3045 persua-

172 3041 322 3123 deS‚
368 3039 541 3126 quod
586 3062 731 3104 cum
770 3039 1055 3104 factumn
1100 3043 1236 3122 erit,
1279 3040 1505 3107 fecisse
1548 3040 1875 3130 penitebit.
1963 3043 2092 3108 Sed
2135 3045 2286 3130 quia
2327 3042 2408 3109 de

169 3125 400 3190 futuro
442 3145 630 3188 nemo
674 3125 827 3188 satis
871 3123 1153 3207 calliduS,
1194 3147 1382 3190 nemo
1428 3127 1579 3191 satis
1619 3128 1900 3226 prudens
1941 3127 2042 3209 fit,
2085 3125 2233 3191 licet
2275 3150 2407 3192 sae-

170 3211 335 3308 pius
378 3228 578 3293 prava
622 3229 813 3294 quam
855 3207 1025 3272 bona
1068 3207 1329 3272 consilia
1370 3221 1766 3296 provemant,
1810 3211 1978 3275 ferar
2007 3232 2409 3296 quocumque

170 3291 391 3357 labes·
435 3291 939 3376 Modestiamque
982 3313 1188 3356 meam
1230 3303 1377 3376 post
1416 3303 1593 3358 tuam
1647 3295 2022 3379 dignitatem
2063 3292 2409 3375 demittam,

170 3379 489 3442 virtutem
544 3385 719 3440 tuam
773 3383 1093 3460 expertus·
1192 3375 1513 3462 Equidem
1587 3377 1910 3442 decretum
1963 3376 2119 3439 mihi
2185 3375 2408 3458 fuerat,

172 3461 471 3546 ingenio,
529 3457 790 3524 consilio
809 3507 826 3541 ,
883 3460 1076 3522 armis
1131 3459 1213 3524 ab
1271 3481 1346 3524 eo
1388 3459 1720 3525 recedere'.
1805 3461 2154 3525 Persuasus
2194 3460 2408 3545 itaque

339 3628 390 3697 ²⁸¹)
429 3637 486 3682 at
520 3631 910 3698 frequentatum
950 3635 1004 3682 et
1042 3646 1317 3682 commune
1356 3629 1483 3682 add.
1525 3632 1575 3682 1.

315 3702 391 3769 **)
430 3703 773 3770 Belgicorum
815 3704 862 3768 1,
900 3720 1034 3758 corr.
1077 3703 1128 3754 2.
1276 3700 1373 3770 ***)
1414 3704 1540 3756 add.
1581 3705 1633 3754 2.

343 3774 391 3841 †)
432 3779 545 3829 sive
583 3779 801 3828 incauto
837 3777 937 3828 tibi
973 3779 1157 3830 nescio
1195 3778 1309 3829 sive
1348 3777 1537 3828 eadem
1575 3775 1650 3844 (¹2)
1691 3779 1924 3845 cupienti
1959 3795 2003 3830 s.
2046 3779 2091 3844 1,
2130 3795 2265 3832 corr.
2305 3779 2354 3830 2.

318 3847 399 3917 ††)
436 3851 720 3917 Belgicam
761 3850 809 3914 1,
847 3867 979 3904 corr.
1021 3850 1072 3903 2.
1219 3847 1322 3918 †††)
1358 3849 1437 3901 ita
1471 3851 1503 3899 2
1541 3850 1600 3901 in
1637 3850 1745 3902 loco
1782 3867 1922 3902 raso.

318 3921 393 3989 μ’)
434 3923 763 3976 Gislebertus
805 3925 853 3986 1,
892 3940 1025 3975 corr.
1066 3924 1114 3975 2.

314 4069 361 4124 a)
394 4081 439 4114 a.
462 4083 498 4112 r.
515 4082 577 4114 m.
594 4070 625 4113 i.
662 4071 721 4112 1.-
793 4068 841 4121 b)
871 4074 968 4120 post
998 4070 1097 4113 add.
1133 4071 1171 4111 1.
1264 4067 1306 4122 c)
1332 4069 1495 4110 suadet
1521 4071 1563 4109 1.
1652 4065 1699 4120 d)
1731 4070 1899 4113 m.t.1.
1990 4068 2034 4122 e)
2067 4070 2224 4112 crebro
2255 4069 2352 4111 add.
2373 4071 2416 4116 1.

170 4129 217 4184 f)
254 4131 410 4180 quue
442 4132 485 4174 1.
604 4127 652 4182 g)
686 4129 1004 4178 corrigendum
1035 4131 1079 4172 1.
1198 4125 1247 4180 h)
1280 4129 1349 4170 Te
1384 4151 1432 4160 -
1463 4129 1647 4169 videtur
1677 4125 1734 4178 (2)
1771 4129 1810 4181 1,
1843 4139 1956 4170 corr.
1990 4131 2032 4170 2.
2148 4125 2182 4179 i)
2216 4129 2340 4177 cupit
2371 4131 2412 4180 1,

172 4202 311 4232 corr.
344 4191 385 4231 2.
508 4186 559 4241 k)
590 4189 649 4230 D.
682 4192 810 4230 tuum
840 4190 889 4240 1,
944 4199 1057 4231 corr.
1092 4190 1131 4230 Β.
1250 4185 1288 4240 l)
1315 4187 1381 4241 R,
1424 4188 1508 4240 ad,
1549 4188 1621 4228 He
1665 4187 1775 4240 abac.
1892 4186 1958 4242 m)
1989 4198 2098 4238 rege
2130 4189 2182 4240 1,
2226 4197 2338 4226 corr.
2372 4186 2412 4224 2.

169 4247 227 4302 n)
266 4253 373 4290 tum
402 4259 613 4298 superscr.
645 4258 685 4288 c.

1865 4316 1948 4380 2.
