3059 4834
720 293 1026 346 RICHERI
1066 291 1574 344 HISTORIARUM
1611 291 1834 342 LIBER
1871 292 1915 342 Ι.
2375 292 2442 340 15

216 462 355 526 Rex
411 463 550 549 ipse
611 463 679 524 in
726 459 1027 523 lacrimas
1070 457 1415 524 dissolutus
1433 508 1449 541 ,
1510 458 1589 522 de
1632 479 1783 522 casu
1826 457 2148 545 pontificis
2169 469 2195 500 ἃ
2237 457 2442 524 adeob

218 555 599 631 conquestus
642 554 756 610 est.
841 543 1156 629 Episcopi
1200 564 1456 629 quoque
1498 543 1567 606 in
1608 543 1815 606 fratris
1859 551 2060 607 morte
2121 553 2184 608 et
2235 544 2444 641 coepi-

216 631 394 715 scopi
437 629 637 693 multa
667 628 1211 692 commiseratione
1256 627 1632 691 condoluere
1651 639 1688 670 ⁰·
1713 640 1753 690 ¹.
1824 626 2118 713 Initoque
2162 625 2442 708 consiho,

215 715 659 780 Winemarum
734 733 879 775 cum
897 711 926 753 ἅ
1000 711 1131 774 suis
1204 711 1622 797 complicibus
1689 709 1978 775 horribili
2047 709 2446 775 anathemate

215 797 540 862 damnant.
631 796 760 876 Qui
800 795 869 858 in
909 794 1093 859 brevi
1135 794 1456 878 deficiens,
1499 794 1841 860 insanabili
1897 794 2162 881 ydropis
2219 794 2443 858 morbo

214 904 255 944 a
296 883 443 948 Deo
488 901 827 967 percussus
871 889 983 944 est.
1070 878 1307 944 Ventre
1349 880 1564 964 itaque
1607 878 1928 964 turgidus,
1987 879 2268 944 exterius
2314 879 2447 963 qui-

219 964 367 1030 dem
424 963 594 1030 lento
651 965 825 1048 igne,
891 963 1155 1029 interius
1211 984 1363 1027 vero
1420 963 1685 1026 immani
1756 963 2052 1027 incendio
2126 963 2446 1027 urebatur.

218 1050 456 1134 Ingens
487 1059 697 1114 tumor
723 1049 957 1133 pedum
990 1068 1117 1111 non
1149 1046 1385 1112 deerat.
1470 1047 1768 1112 Verenda
1795 1046 2120 1112 vermibus
2150 1047 2450 1110 scaturie-

154 1172 163 1180 -
219 1133 373 1198 bant
390 1144 434 1196 θ.
523 1131 727 1198 Crura
780 1132 1089 1196 tumentia
1141 1153 1217 1194 ac
1257 1130 1499 1214 lucida3
1559 1129 1826 1196 anelitus
1855 1131 2110 1196 fetidus.
2181 1130 2446 1194 Viscera

219 1217 411 1280 etiam
448 1215 760 1314 paulatim
818 1235 934 1301 per
992 1214 1203 1280 colum
1246 1214 1639 1280 diffluebant.
1742 1215 1989 1302 Superf
2031 1215 2192 1279 haec
2237 1214 2448 1278 omnia

220 1300 391 1364 sitim
444 1298 904 1370 mtolerabilem
964 1301 1334 1366 sustinebat.
1452 1298 1558 1384 Ap
1609 1300 1832 1364 etitum
1875 1321 2028 1363 vero
2073 1296 2450 1363 comedendi

217 1383 540 1470 aliquanto
570 1383 867 1465 habebat,
897 1381 1009 1447 sed
1040 1384 1167 1448 cibi
1195 1383 1353 1448 illati
1381 1383 1527 1449 fasti
1575 1384 1707 1446 ium
1750 1381 2122 1448 inferebant.
2207 1382 2448 1446 Insom-

217 1469 519 1533 nietatem
561 1468 778 1552 iugem
806 1467 1189 1566 patiebatur.
1265 1466 1710 1554 Omnibusque
1739 1467 1942 1532 factus
1970 1464 2386 1532 intolerabilis
2403 1477 2450 1547 8,

216 1551 514 1617 omnibus
560 1552 827 1638 [horrori
846 1551 893 1640 ἕ]
939 1551 1197 1638 115ὼίωεί
1246 1561 1361 1617 est.
1458 1551 1685 1638 Itaque
1741 1552 1932 1616 amici
1987 1560 2178 1637 atque
2237 1549 2446 1614 dome-

215 1636 356 1700 stici
400 1637 481 1701 ab
528 1658 603 1700 eo
648 1635 871 1700 dimoti
914 1644 1077 1716 sunt,
1122 1634 1318 1700 multo
1364 1636 1501 1700 eius
1548 1637 1833 1722 corporis
1890 1635 2091 1701 fetore
2147 1634 2449 1716 confecti3

213 1721 281 1784 in
338 1729 584 1786 tantum
641 1730 712 1785 ut
763 1716 971 1783 nullus
1026 1719 1419 1785 medicorum
1478 1718 1701 1785 saltem
1758 1719 2055 1784 medendi
2119 1741 2315 1784 causa
2368 1717 2451 1782 ad

214 1826 361 1868 eum
430 1803 734 1869 accedere
805 1814 1040 1890 posset.
1152 1803 1405 1884 Quibus
1484 1805 1776 1870 omnibus
1847 1803 2187 1870 dissolutus
2206 1854 2222 1887 ,
2279 1803 2452 1867 omni

213 1888 689 1954 christianitatis
720 1889 1167 1953 communione
1196 1889 1504 1974 privatuS,
1549 1911 1588 1952 a
1615 1887 1944 1952 vermibus
1986 1910 2069 1952 ex
2096 1897 2278 1974 parte
2320 1887 2450 1950 iam

213 1981 650 2058 consumptus,
692 1970 1058 2057 flagiciosus
1104 1993 1180 2035 ac
1211 1971 1562 2056 sacrilegus
1605 1972 1686 2038 ab
1733 1973 1852 2034 hac
1896 1972 2031 2035 vita
2071 1970 2292 2056 pulsus
2337 1979 2449 2033 est.

555 2094 652 2158 19.
736 2093 1107 2160 Promotioh
1149 2092 1415 2156 Herivei
1456 2091 1570 2154 inh
1614 2091 2052 2176 episcopatum
2068 2091 2118 2154 ¹¹.

387 2192 652 2278 Sepulto
694 2215 846 2258 vero
892 2192 1127 2257 domno
1187 2192 1470 2258 Fulcone
1526 2191 2016 2280 metropolitano
2036 2241 2052 2274 ,
2108 2190 2450 2273 HeriveuS,

210 2279 317 2342 vir
360 2276 724 2361 spectabilis
769 2287 833 2342 et
872 2274 1207 2363 palatinuS,
1252 2278 1706 2376 episcoporum
1737 2299 2050 2341 consensu
2093 2285 2156 2341 et
2183 2276 2452 2340 Remen-

214 2361 386 2424 sium
430 2361 790 2424 conibentia
831 2361 899 2423 in
940 2361 1313 2447 pontificatu
1356 2384 1526 2447 reg1s
1558 2361 1900 2426 donatione
1929 2360 2231 2424 succedit.
2278 2359 2450 2440 Quo-

206 2465 356 2508 rum
399 2453 541 2508 uter
585 2466 666 2508 ue
710 2455 948 2543 quanta
990 2443 1259 2510 utilitate
1290 2454 1658 2532 quantaque
1702 2443 2006 2529 religione
2048 2444 2116 2507 in
2143 2442 2453 2508 aecclesia

203 2528 513 2593 Remensi
602 2539 785 2611 orult,
830 2530 883 2592 si
925 2528 1071 2615 quis
1113 2529 1195 2593 ad
1236 2527 1525 2628 plenumi
1569 2528 1928 2594 dinoscerei
1987 2529 2190 2614 cupiti
2206 2576 2223 2610 ,
2281 2525 2452 2613 legat

162 2611 495 2676 ·librum¹³
538 2611 883 2677 Flodoardi
936 2612 1351 2698 presbiter12,
1420 2637 1612 2700 quem
1669 2614 1752 2678 ab
1796 2613 1999 2679 urbe⁸
2059 2612 2316 2677 condita
2369 2609 2449 2674 de

200 2695 499 2761 eiusdem
541 2695 719 2760 urbis
762 2696 1083 2784 episcopis
1127 2695 1445 2763 uberrime
1490 2697 1847 2784 descripsit.
1934 2696 2233 2783 Adepto4
2291 2716 2444 2782 quo-

198 2801 337 2868 que
380 2780 697 2845 Heriveus
739 2781 1152 2868 pontificatu,
1196 2781 1398 2848 muita
1440 2782 1566 2847 fide
1609 2805 1679 2846 re
1727 2805 1830 2846 em
1874 2783 2278 2868 sequebatur,
2339 2779 2444 2843 de-

198 2863 560 2930 sertoribus
590 2864 749 2929 adeo
778 2865 1063 2930 infestus.
1136 2863 1596 2932 *Erlebaldum
1614 2879 1638 2912 ⁵
1727 2866 2169 2930 astricensium
2185 2876 2209 2911 ⁶
2255 2864 2445 2928 comi·
2467 2883 2661 2931 *for-1⁴.

195 2958 361 3032 tem,
407 2949 516 3046 qui
543 2971 645 3013 res
690 2949 787 3012 sui
816 2972 850 3014 e
897 2949 1137 3036 iscopii
1156 2960 1526 3037 pervaserat
1555 2960 1618 3016 et
1648 2950 1960 3037 oppidum
2001 2948 2174 3037 quod
2215 2957 2450 3012 vocant
2469 2965 2568 3006 920.

195 3033 527 3099 Macenas
549 3044 571 3077 ⁷
625 3029 838 3098 obtine
886 3045 981 3116 at,
1051 3055 1230 3098 more
1295 3033 1764 3109 aecclesiastico
1820 3035 1998 3120 prius
2053 3031 2314 3120 quidem
2377 3038 2449 3094 ut

196 3117 549 3204 resipiscat
590 3126 930 3199 ammonet,
972 3126 1118 3203 post
1144 3139 1296 3182 vero
1326 3118 1727 3183 anathemate
1757 3118 2037 3183 damnat.
2127 3117 2258 3198 Qui
2300 3137 2482 3186 cum·

196 3201 335 3267 sibi
378 3221 504 3265 nec
544 3200 879 3265 damnatus
923 3201 1310 3268 satisfaceret
1383 3203 1452 3267 in
1494 3225 1640 3267 eum
1701 3223 1846 3266 cum
1902 3199 2118 3266 multis
2173 3198 2449 3264 militum

197 3285 416 3372 copiis
459 3285 675 3368 fertur,
722 3284 1159 3372 oppidumque
1202 3250 1403 3352 muita
1447 3285 1778 3351 obsidione
1842 3309 1960 3373 per
2004 3293 2277 3371 quatuor
2342 3281 2449 3346 eb-

195 3368 522 3436 domadas
575 3369 983 3435 vehementer
1034 3369 1323 3454 adurget.
1437 3368 1818 3435 Erlebaldus
1889 3371 2257 3433 continuam
2319 3387 2450 3429 non

192 3455 424 3520 ferens
466 3453 1033 3539 impugnationem,
1094 3450 1254 3516 clam
1300 3452 1416 3519 ab¹
1461 3453 1700 3540 oppido
1731 3474 1874 3516 cum
1919 3451 2162 3537 aliquot
2191 3471 2450 3514 suorum

326 3579 379 3632 a)
414 3580 552 3625 amici
585 3583 625 3620 1.
734 3578 783 3631 b)
813 3579 878 3619 ita
911 3579 962 3630 23
993 3579 1239 3619 admodum
1271 3581 1312 3622 1.
1403 3577 1445 3631 c)
1480 3581 1669 3620 doluere
1703 3582 1744 3619 1.
1837 3576 1882 3631 d)
1917 3590 1955 3620 c.
1987 3589 2023 3618 s.
2060 3589 2100 3620 c.
2127 3578 2177 3617 in
2209 3577 2298 3616 loco
2331 3587 2447 3618 raso.

194 3639 243 3693 e)
278 3641 353 3680 ita
388 3641 439 3690 23
504 3639 841 3680 scutum-iebant
875 3639 913 3681 1.
1032 3635 1067 3689 f)
1102 3637 1251 3687 Super
1284 3662 1333 3670 -
1368 3639 1633 3688 patiebatur
1669 3642 1770 3688 post
1812 3639 2031 3679 accedere
2074 3641 2228 3688 posset
2271 3637 2448 3688 scripta,

194 3702 281 3740 huc
312 3703 427 3738 eunt
456 3698 609 3738 relata.
732 3695 780 3750 g)
812 3697 972 3737 rabilis
1001 3717 1054 3727 —-
1088 3697 1252 3745 Itaque
1282 3709 1304 3737 e
1334 3709 1477 3747 corr.;
1508 3698 1688 3737 horrori
1717 3699 1860 3748 mppl.
1892 3697 1941 3739 P.
2062 3694 2110 3748 h)
2144 3698 2224 3750 tio,
2255 3697 2320 3748 in,
2351 3699 2447 3736 tum
2497 3714 2502 3721 -

193 3759 318 3801 absc.
482 3755 517 3808 i)
552 3757 591 3797 si
626 3777 673 3785 -
712 3757 839 3806 cupit
875 3757 924 3796 in
953 3767 1113 3806 mara.;
1174 3765 1327 3809 enum,
1370 3767 1409 3808 e,
1454 3758 1580 3806 eupit
1623 3757 1736 3798 absc.
1887 3754 1936 3809 k)
1970 3757 2220 3796 vocabulum
2260 3766 2445 3796 erasum.

195 3817 233 3869 1)
270 3819 335 3858 de
370 3827 489 3857 corr.
524 3817 597 3856 ab.

361 3901 423 3968 1)
462 3902 523 3954 A.
564 3901 690 3952 900<
739 3900 846 3952 Iuli
884 3902 945 3967 6,
1001 3902 1184 3954 Remis
1237 3904 1572 3971 congregati,
1626 3903 1820 3965 Mansi,
1874 3902 2041 3955 Cone.
2093 3903 2192 3966 IX,
2224 3919 2279 3968 p.
2316 3901 2445 3954 481.

194 3976 257 4044 2)
301 3975 414 4038 IV,
456 3991 504 4027 c.
549 3976 635 4029 11.
802 3974 861 4041 3)
900 3975 1016 4027 scil.
1056 3977 1323 4029 Remensi.
1492 3975 1553 4044 4)
1595 3975 1677 4028 Of.
1728 3977 2022 4028 Flodoardi
2058 3977 2190 4028 Ann.
2231 3991 2279 4027 a.
2320 3976 2446 4027 920.

194 4048 259 4117 ὅ)
303 4048 663 4101 Erlebaldum
700 4075 773 4085 —-
810 4057 1132 4102 concesserat
1184 4065 1250 4100 ex
1298 4049 1592 4102 Flodoardi
1637 4051 1775 4101 Aun.
1828 4067 1879 4101 a.
1919 4051 2042 4119 920,
2099 4065 2231 4116 quos
2268 4050 2325 4100 in
2361 4044 2444 4100 'se-

194 4123 501 4190 quentibus
527 4137 695 4188 usque
741 4122 810 4172 ad
838 4129 1000 4190 caput
1022 4123 1144 4174 libri
1176 4123 1281 4188 111,
1310 4123 1410 4177 21.·
1455 4125 1669 4190 saepius
1709 4125 2006 4191 exscripsit,
2047 4123 2225 4175 multis
2263 4127 2443 4172 tamen

194 4197 419 4339 αῗᾱίιέε
461 4196 563 4319 eve]
619 4197 852 4248 mutatis.
1016 4193 1075 4263 6)
1114 4196 1199 4247 Ad
1253 4197 1476 4261 Mosam,
1528 4197 1622 4250 ubi
1666 4203 1854 4266 postea
1915 4199 2194 4249 comitatus
2231 4193 2442 4246 Rethel.

196 4271 227 4320 7
300 4271 367 4320 Μ
406 4269 458 4319 zi
491 4285 592 4321 res.
2063 4277 2072 4288 ·
