3059 4834
468 447 580 490 νει.
602 428 852 512 Quibus
910 437 1252 516 postquam
1319 425 1493 491 iussa
1548 423 1793 510 regalia
1846 423 1998 489 data
2050 433 2215 506 sunt,
2284 447 2404 490 rex
2460 426 2539 490 ‘in
2606 426 2843 492 urbem

599 513 982 579 Vesontium
999 525 1041 594 ¹,
1095 532 1258 597 quae
1317 519 1415 574 est
1466 507 1836 594 metropolis
1897 507 2355 574 Genaunorum
2368 519 2415 592 ⁸,
2476 510 2584 573 eui
2640 511 2844 576 etiam

599 600 668 664 in
708 595 986 682 Alpibus
1039 596 1196 660 sitae
1253 592 1438 658 Aldis
1493 593 1709 658 Dubis
1729 603 1753 638 ¹
1806 591 2178 677 preterfluit,
2238 614 2387 657 cum
2441 593 2603 658 duce
2656 615 2844 660 exer-

600 683 799 747 citum
841 678 1117 744 deducit.
1188 676 1401 763 Atque
1442 677 1538 742 ibi
1563 673 1889 757 Letoldus,
1932 675 2222 740 eiusdem
2262 677 2441 743 urbis
2469 679 2775 764 princeps
2792 689 2841 761 ³,

600 765 685 829 ad
729 765 865 830 eius
908 761 1198 826 militiam
1243 770 1640 826 sacramento
1683 760 1927 824 transit.

768 847 869 912 99.
937 845 1190 927 Quibus
1207 847 1236 888 b
1265 845 1535 910 feliciter
1560 855 1753 930 atque
1783 842 2023 909 utiliter
2049 842 2305 926 habitis,
2348 866 2496 909 cum
2524 855 2840 911 autumno

598 940 958 996 maturante
986 928 1441 996 elementorum
1471 927 1831 992 immutatio
1860 927 2058 1009 fieret,
2090 949 2208 992 rex
2237 926 2511 994 colerico
2540 938 2842 1014 vexatus,

598 1017 667 1079 in
710 1025 967 1080 acutam
1007 1012 1251 1078 febrem
1294 1011 1551 1078 decidit.
1651 1010 1817 1077 Cum
1874 1032 2029 1096 ergo
2042 1023 2067 1054 ⁰
2118 1011 2517 1110 aegritudine
2575 1035 2842 1099 pressus

597 1097 900 1164 militaria
943 1119 1166 1162 curare
1209 1118 1340 1164 non
1381 1106 1620 1184 posset,
1675 1095 1811 1160 dux
1862 1093 1945 1160 ab
1967 1095 1995 1136 ‘¹
2038 1117 2115 1160 eo
2129 1095 2158 1136 ἃ
2207 1118 2417 1161 lussus
2476 1098 2843 1162 exercitum

597 1183 863 1248 reducit.
959 1179 1267 1246 Letoldus
1324 1203 1478 1246 vero
1533 1182 1834 1266 princeps
1891 1179 1959 1243 in
2010 1179 2155 1265 ipsa
2205 1180 2379 1265 regis
2434 1181 2842 1265 aegritudine

599 1265 971 1332 fidelissime
1013 1276 1204 1364 atque
1233 1265 1690 1329 humanissime
1733 1263 1873 1348 regi
1901 1261 2261 1328 famulatur.
2344 1264 2435 1329 At
2461 1264 2567 1328 die
2598 1265 2842 1330 cretica

600 1361 749 1437 post
787 1349 984 1415 febris
1016 1350 1270 1414 initium
1313 1349 1646 1434 impariter
1672 1349 1988 1426 veniente,
2033 1347 2338 1412 firmitere
2382 1357 2446 1412 et
2484 1347 2842 1414 inrecidive

599 1434 942 1500 convaluit.
1042 1433 1534 1519 Transactisque
1591 1430 1819 1496 diebus
1874 1429 1991 1494 30f
2037 1440 2186 1516 post
2237 1433 2527 1530 corporis
2579 1454 2840 1518 repara-

599 1519 859 1599 tionem,
904 1537 1052 1580 cum
1093 1514 1362 1580 Letoldo
1405 1515 1698 1602 principe
1740 1517 1807 1578 in
1848 1513 2190 1579 Franciam
2229 1514 2415 1580 redit.

775 1602 913 1664 100.
978 1599 1066 1662 Et
1081 1601 1109 1642 ἅ
1154 1620 1298 1662 cum
1330 1601 1458 1662 iam
1503 1598 1915 1682 Burgundiae
1973 1607 2261 1663 extrema
2302 1599 2659 1686 attingeret,
2701 1601 2839 1664 via-

598 1695 814 1750 torum
855 1681 1058 1748 relatu
1101 1684 1427 1767 comperit,
1529 1681 1798 1748 uosdam
1842 1684 1952 1767 qui
1993 1681 2342 1747 latrociniis
2384 1693 2450 1748 et
2492 1683 2838 1747 discursio-

599 1769 792 1833 nibus
835 1766 1234 1853 provinciam
1285 1766 1517 1832 infesta
1564 1776 1691 1848 ant,
1745 1764 2209 1851 Angelbertum
2262 1765 2506 1831 scilicet
2556 1777 2622 1832 et
2669 1766 2839 1831 Goz-

598 1853 870 1934 bertuQ
917 1850 1335 1915 munitionem
1365 1873 1530 1937 quae
1566 1848 1898 1916 dicebatur
1924 1850 2203 1915 Briona4
2246 1851 2661 1932 exstruxisse,
2706 1871 2836 1936 quo

599 1936 795 2002 etiam
835 1945 984 2022 post
1024 1933 1342 2021 flagitiosa
1382 1934 1692 2001 exercitia
1732 1957 1871 2000 sese
1912 1933 2333 2020 recipiebant.
2404 1934 2595 1999 Hanc
2637 1935 2839 2020 igitur

599 2042 720 2086 rex
761 2041 1119 2105 aggressus„
1181 2017 1514 2085 obsidione
1573 2017 1957 2096 circumdat3
2008 2040 2229 2104 pugna
2273 2039 2354 2082 ue
2413 2019 2717 2083 continua
2762 2038 2838 2082 ac

599 2104 772 2169 fame
815 2105 1056 2186 atterit3
1101 2112 1167 2168 et
1207 2102 1469 2168 tandem
1513 2103 1690 2188 capit
1733 2101 2183 2188 solotenusque
2277 2103 2291 2116 ⁶
2374 2103 2423 2166 it
2438 2113 2486 2170 ⁸.
2568 2101 2837 2166 Latron-

601 2187 782 2253 culos
823 2208 977 2253 vero
1021 2195 1277 2271 petente
1290 2188 1319 2230 ἅ
1345 2186 1617 2252 Letoldo
1631 2188 1660 2228 ⁴¹
1704 2187 1823 2252 sub
1866 2196 2261 2251 sacramento
2292 2185 2471 2250 abire
2505 2187 2836 2271 permittit.

777 2271 918 2334 101.
982 2271 1158 2336 Inter
1197 2270 1357 2336 haec
1399 2293 1547 2335 cum
1588 2293 1707 2335 rex
1747 2270 1816 2332 in
1857 2270 2149 2354 partibus
2178 2269 2589 2355 Burgundiae
2624 2268 2837 2334 adhuc

602 2355 1010 2435 detineretur,
1052 2354 1391 2441 Aethgiva,
1436 2365 1643 2420 mater
1683 2355 1819 2419 eius
1889 2354 2130 2438 regina,
2160 2375 2235 2418 eo
2265 2355 2620 2438 ignorante,
2651 2353 2838 2418 Heri·

603 2440 784 2507 berto
829 2440 1049 2504 comiti
1091 2441 1329 2525 nupsit,
1376 2447 1438 2503 et
1480 2439 1705 2504 relicta
1748 2461 1825 2501 ur
1872 2460 1907 2502 e
1933 2436 2268 2519 Lauduno,
2322 2437 2404 2501 ab
2450 2459 2525 2502 eo
2559 2436 2839 2502 deducta

603 2532 717 2589 est.
827 2523 1023 2604 Quod
1084 2545 1203 2587 rex
1263 2521 1673 2588 vehementer
1732 2521 1868 2586 indi
2046 2545 2075 2584 s
2089 2532 2136 2604 ³,
2191 2521 2398 2586 redire
2452 2530 2732 2586 maturat
2778 2530 2838 2586 et

603 2628 752 2671 cum
808 2605 1144 2692 Gerberga
1197 2607 1420 2692 regina
1474 2627 1678 2672 uxore
1730 2607 1873 2671 Lau
1918 2627 2115 2669 unum
2172 2605 2551 2690 ingreditur.
2654 2605 2741 2670 Et
2800 2625 2838 2668 a

601 2700 806 2755 matre
848 2689 1140 2754 auferens
1183 2689 1409 2774 predia
1451 2698 1516 2754 et
1556 2690 1749 2755 aedes
1789 2692 2021 2776 regiaS,
2065 2690 2295 2753 uxorih
2340 2689 2613 2775 delegat.

341 2803 360 2821 ·
377 2805 459 2848 τοι.
494 2803 585 2844 31¹.
773 2774 912 2837 102.
978 2773 1264 2838 *Interea
1307 2771 1645 2858 Gerberga
1684 2776 1907 2859 regina
1948 2773 2247 2838 Lauduni
2299 2774 2592 2859 geminos
2644 2773 2838 2838 enixa

369 2918 388 2938 ,
485 2861 586 2903 ⁹5³·
604 2865 722 2920 est.
789 2856 1078 2937 Quorum
1119 2855 1277 2922 alter
1317 2857 1621 2940 Karolus,
1662 2862 1686 2886 *
1702 2857 1861 2923 alter
1901 2858 2244 2922 Heinricus
2286 2867 2551 2922 vocatus
2590 2867 2706 2926 est.
2750 2856 2837 2920 At

405 2933 449 2973 Ρ·
481 2921 584 2964 ⁶¹⁰·
605 2940 950 3005 Heinricus
1021 2961 1178 3004 mox
1249 2941 1422 3026 posti
1495 2943 1661 3006 sacri
1741 2941 2145 3027 baptismatis
2264 2941 2701 3039 erceptionem
2772 2942 2835 3003 in

603 3023 766 3172 allbis
821 3023 1091 3150 deqedit.
1186 3023 1464 3090 Karolus
1517 3035 1733 3091 autem
1786 3047 1931 3090 cum
1945 3025 1973 3068 ‘¹
2015 2963 2287 3090 naturzfli
2327 3025 2563 3088 vinum
2605 3023 2835 3090 robore

603 3130 639 3172 e
686 3115 912 3173 ucatur
960 3154 976 3170 .

483 3218 586 3262 954.
775 3192 916 3257 103.
979 3191 1343 3258 Ludovicus
1405 3215 1558 3258 vero
1624 3215 1741 3258 rex
1795 3193 2029 3256 Remos
2083 3191 2367 3273 rediens,
2434 3213 2585 3255 cum
2641 3191 2834 3256 fluvio

601 3273 876 3341 Axonae
904 3278 1378 3376 propinquaret,
1419 3299 1538 3363 per
1566 3276 1949 3361 campestria
1975 3275 2203 3361 lupum
2224 3277 2435 3362 preire
2466 3277 2833 3361 conspicit⁸.

605 3360 817 3441 Quem
859 3383 894 3426 e
941 3383 1024 3425 uo
1067 3383 1300 3426 emlsso
1344 3361 1689 3442 insecutus,
1731 3382 1851 3445 per
1892 3358 2081 3424 devia
2108 3360 2411 3445 exagitat.
2477 3359 2587 3423 Ad
2618 3379 2833 3424 omnes

602 3443 774 3510 ferae
817 3383 1272 3511 deglinationes
1315 3466 1553 3530 equum
1607 3443 1948 3529 impatiens
2015 3441 2411 3508 obvertebat.
2509 3443 2646 3508 Nec
2702 3443 2831 3530 qui-

603 3549 819 3595 escere
847 3529 1251 3614 paciebatur,
1302 3529 1547 3593 donecd
1598 3527 1879 3613 equestri
1910 3528 2255 3592 certamine
2284 3526 2636 3612 fugientem
2668 3527 2832 3592 evin-

723 3695 769 3746 n)
799 3709 821 3737 e
850 3709 964 3739 corr.
996 3699 1045 3738 in
1068 3699 1160 3738 loeo
1190 3708 1310 3738 raso.
1403 3695 1449 3748 b)
1481 3699 1542 3737 Et
1572 3700 1719 3738 mater
1746 3697 1929 3737 scribere
1958 3703 2168 3747 coeptum.
2270 3695 2312 3748 c)
2348 3709 2388 3739 e.
2424 3709 2507 3738 rex
2525 3699 2566 3739 1.
2662 3695 2709 3748 d)
2735 3700 2832 3746 poet

603 3755 705 3795 aad.
812 3754 856 3808 e)
889 3758 1009 3798 bene
1041 3766 1096 3796 ac
1126 3755 1159 3798 t.
1195 3758 1236 3798 1.
1342 3754 1379 3806 f)
1413 3757 1492 3796 XX
1527 3757 1570 3796 1.
1672 3755 1719 3807 g)
1753 3757 1784 3795 i.
1818 3767 1922 3797 cum
1954 3755 2196 3805 Gerberga
2225 3767 2263 3800 r.
2298 3758 2337 3796 1.
2438 3757 2488 3811 h)
2521 3768 2567 3797 u.
2601 3757 2759 3797 omnia
2791 3756 2829 3793 1.

603 3813 638 3864 i)
665 3812 716 3866 ρ’
745 3825 782 3854 c.
903 3815 952 3867 k)
985 3815 1204 3856 educatus
1240 3815 1279 3855 1.

755 3945 811 4011 1)
849 3946 973 3996 Hac
1000 3944 1067 3996 de
1093 3960 1150 3996 re
1177 3943 1310 3997 nihil
1335 3943 1491 3998 Flod.
1542 3946 1731 4012 Neque
1758 3947 2002 3999 Vesontii
2030 3945 2358 4012 (Besancon)
2386 3948 2547 3998 situm
2572 3947 2829 3998 Richerus

604 4018 818 4069 novisse
855 4017 1083 4070 videtur.
1231 4015 1290 4084 2)
1337 4018 1544 4070 Doubs.
1694 4016 1754 4085 3)
1793 4017 2013 4086 quidam
2050 4018 2407 4087 Burywndiae
2444 4036 2608 4072 comes
2646 4018 2831 4080 Flod.;

606 4106 787 4142 comes
823 4091 924 4141 fuit
961 4093 1122 4142 etiam
1159 4091 1591 4145 Matisconensis.
1714 4090 1775 4159 4)
1814 4092 2463 4145 Brienne·le·0hfiteau.
2588 4091 2647 4159 5)
2684 4093 2833 4142 Haec

605 4162 790 4226 mod„
842 4165 929 4216 cui
982 4180 1082 4216 sua
1129 4164 1283 4216 addit
1337 4166 1628 4229 Richerus‚
1686 4166 1808 4218 aliis
1864 4181 2003 4233 quae
2060 4166 2153 4217 ille
2208 4167 2371 4218 refert
2424 4165 2828 4234 praetermissis.

2968 0 3011 92 ‘l

593 264 671 314 8⁶
1111 259 1418 312 RICHERI
1454 257 1963 312 HISTORIARUM
1999 258 2223 310 LIBER
2258 258 2337 310 11.

605 4236 662 4301 6)
701 4236 859 4289 Haec
897 4252 1108 4304 quoque
1145 4237 1500 4292 Flodoardus.
2996 4101 3002 4332 4
