3059 4834
559 273 670 322 XII
1049 270 1355 322 RICHERI
1392 270 1894 322 HISTORIARUM
1930 272 2135 322 LIBRI
2172 273 2305 323 1111.

563 450 867 520 mutasse,
911 442 1010 502 ita
1054 449 1126 502 ut
1169 439 1508 520 vocabula,
1558 441 1929 519 sententias,
1972 441 2165 502 immo
2209 449 2267 502 et
2299 443 2609 526 paqinas
2652 464 2794 506 era-

565 525 738 588 deret
792 525 1008 608 eisque
1069 524 1208 586 alia
1254 522 1678 587 substitueret.
1772 521 1962 596 Quod
2011 525 2373 606 praecipue
2426 523 2635 589 locum
2680 527 2793 590 ha-

563 608 702 673 buit
743 609 815 672 in
862 609 1287 693 quaternione
1322 609 1564 691 primo,
1608 608 1798 691 cujus
1843 609 2189 671 atramenti
2223 607 2448 690 pallor
2491 609 2571 672 ab
2613 619 2789 673 atra-

562 701 770 756 mento
831 693 1122 774 niqriori
1186 693 1477 755 auctoris
1545 713 1708 775 opus
1772 713 1964 754 suum
2028 713 2169 754 reco
2218 695 2540 756 noscentis
2602 695 2793 759 valde

565 777 788 856 distat,
817 775 945 858 fol.
990 775 1050 855 2,
1095 773 1156 856 5,
1202 776 1262 855 6,
1309 776 1366 855 7,
1412 776 1470 854 8,
1534 775 1647 838 ubi
1689 776 1883 838 etiam
1925 775 2175 839 vocabu
2203 798 2237 838 o
2285 774 2644 858 Gisleberti,
2688 801 2789 843 co-

564 862 740 925 mitis
781 860 903 924 Bel
948 860 1058 940 ici,
1124 882 1355 923 nomen
1415 859 1737 940 Heinrici,
1791 859 1979 923 ducis
2021 858 2384 940 Samoniae,
2445 861 2791 926 substituit.

565 945 643 1007 In
692 965 884 1008 secun
939 966 973 1007 o
1020 945 1446 1027 quaternione
1473 942 1605 1028 fol.
1652 943 1711 1005 9.
1758 951 1815 1004 et
1859 943 1956 1005 10.
2001 943 2205 1006 multa
2247 946 2631 1026 immutavit,
2656 945 2790 1030 fol.

569 1028 667 1091 10.
713 1037 770 1091 et
816 1028 915 1090 11.
960 1027 1309 1114 eademque
1363 1027 1731 1111 plurimum
1795 1035 2082 1091 correcta
2146 1036 2203 1090 et
2260 1029 2551 1114 nigriori
2609 1039 2789 1093 atra-

563 1120 767 1176 mento
813 1113 1060 1195 scripta
1104 1112 1384 1176 inseruit
1397 1134 1420 1192 ,·
1493 1113 1567 1174 in
1613 1119 1847 1194 quarto
1891 1113 2315 1194 quaternione
2338 1112 2469 1196 fol.
2514 1113 2615 1176 33.
2657 1117 2787 1178 ini-

563 1197 727 1259 tium
768 1195 1088 1259 secundae
1120 1196 1424 1280 paqinae
1467 1196 1691 1275 erasit,
1716 1193 1848 1275 fol.
1892 1195 2163 1258 34-37.
2204 1197 2501 1276 inseruit,
2526 1196 2657 1344 {ol-
2688 1198 2789 1263 38.

614 1302 786 1344 auca
827 1281 1211 1343 immutavit.
1298 1280 1378 1342 In
1434 1288 1610 1343 seoeto
1666 1279 1918 1342 demum
1978 1283 2403 1362 quaternione
2443 1280 2531 1364 fo
2557 1283 2645 1344 iis
2687 1282 2790 1346 49.

556 1302 666 1426 50.
691 1373 749 1426 et
778 1364 1087 1427 schedula
1115 1364 1217 1427 51.
1246 1365 1528 1444 insertis,
1575 1364 2026 1426 narrationem
2058 1363 2135 1426 de
2164 1365 2393 1427 itinere
2423 1386 2541 1429 suo
2570 1365 2793 1429 Remis

571 1447 923 1513 Carnotum
994 1457 1052 1511 et
1123 1449 1465 1511 historiam
1536 1469 1566 1509 s
1614 1448 1776 1511 nodi
1845 1448 1919 1509 in
1989 1451 2381 1512 monasterio
2441 1449 2511 1513 S.
2558 1447 2794 1513 Basoli

567 1531 848 1612 habitae,
904 1553 1158 1595 necnon
1215 1531 1482 1595 scedula
1525 1530 1568 1594 5
1613 1577 1628 1592 .
1672 1532 1920 1595 inserta
1976 1553 2089 1595 sex
2144 1527 2370 1595 lineas*
2411 1535 2793 1597 narrationi

553 1637 834 1702 puqnae
898 1617 1070 1678 inter
1133 1615 1475 1681 Conanum
1540 1624 1597 1678 et
1651 1613 1999 1680 Fulconem
2064 1617 2438 1681 commissae
2504 1617 2789 1680 addidit.

583 1699 730 1763 Vere
759 1700 987 1783 iqitur,
1018 1701 1079 1763 si
1106 1698 1309 1763 ullius
1339 1722 1631 1784 unquam
1661 1701 1971 1780 auctoris,
2001 1699 2273 1765 Richeri
2305 1701 2790 1786 autoqraphum

565 1784 752 1847 nobis
795 1782 1088 1846 relictum
1133 1805 1280 1864 esse,
1330 1806 1370 1846 a
1416 1791 1633 1866 paret.

733 1866 926 1930 Liber
949 1869 1020 1929 in
1040 1868 1345 1952 paqinae
1415 1868 1496 1932 5¹.
1525 1867 1703 1930 linea
1736 1876 1963 1931 octava
1992 1868 2271 1948 desinit,·
2315 1867 2510 1932 multo
2540 1870 2791 1952 majore

555 1953 860 2037 paqinae
879 1960 1076 2034 parte
1101 1975 1240 2014 una
1263 1975 1407 2015 cum
1421 1954 1687 2036 paqina
1710 1951 1812 2014 56.
1835 1973 2051 2014 vacua
2071 1951 2320 2030 relicta,
2343 1953 2642 2036 paqinae
2664 1952 2789 2016 56¹.

569 2033 709 2097 alia
750 2035 953 2119 plane
996 2057 1199 2098 manu
1242 2034 1491 2098 litterae
1538 2034 1830 2098 Gerberti
1870 2036 2226 2119 inscriptae
2268 2045 2423 2098 sunt
2436 2058 2460 2116 ,·
2494 2058 2660 2120 paq.
2685 2035 2788 2099 57.

565 2128 777 2199 vacat,
824 2141 923 2203 pa
971 2121 1094 2182 ina
1135 2118 1258 2182 57¹.
1302 2119 1574 2183 Richeri
1624 2121 1857 2183 iterum
1912 2142 2117 2183 manu
2163 2121 2539 2202 praecipua
2595 2121 2789 2183 conti-

564 2203 880 2267 nuandae
942 2205 1234 2266 zistoriae
1279 2205 1504 2286 capita
1550 2203 1802 2267 diverso
1846 2212 2126 2288 tempore
2154 2204 2481 2288 inscripta
2503 2203 2787 2288 praebet.

728 2286 884 2351 Jam
927 2309 1005 2350 su
1057 2294 1234 2360 erest,
1278 2296 1350 2349 ut
1386 2288 1464 2351 de
1501 2287 1807 2352 editionis
1838 2287 2110 2351 consilio
2156 2296 2214 2350 et
2254 2289 2509 2352 ratione
2543 2290 2789 2372 paucis

562 2393 874 2435 moneam.
1079 2394 1181 2435 ere
1237 2381 1488 2456 quanta
1549 2370 1895 2457 diligentia
1944 2372 2105 2454 fieri
2156 2374 2379 2457 potuit
2443 2373 2789 2456 eoescriptO,

561 2464 820 2535 temtum,
875 2394 1092 2539 qualffs
1135 2454 1401 2520 ultimus
1446 2457 1703 2519 auctori
1735 2456 2015 2539 placuit,
2062 2457 2556 2540 exprimendum
2600 2457 2789 2536 duxi,

563 2540 854 2624 adjectis,
899 2548 1215 2623 quantum
1245 2548 1523 2624 propter
1566 2539 1917 2604 evanidam
1961 2541 2333 2623 scripturae
2358 2539 2613 2622 faciem
2643 2561 2778 2603 con-

561 2645 804 2687 cessum
842 2632 1002 2702 erat,
1034 2625 1268 2708 prima
1312 2623 1597 2704 lectione,
1644 2646 1841 2707 quam
1868 2645 2059 2686 verae
2089 2624 2441 2686 sententiae
2470 2622 2789 2685 sistendae

561 2728 756 2790 saepe
798 2706 1159 2790 plurimum
1214 2706 1540 2791 efficacem
1597 2709 1950 2790 superiora
2003 2707 2379 2769 docuerunt.
2486 2704 2789 2788 Capitum

563 2791 1039 2855 distinctionem
1084 2790 1164 2854 ab
1212 2801 1472 2856 auctore
1529 2793 1675 2875 ipso
1720 2789 2091 2875 profectam
2145 2789 2256 2852 sed
2313 2810 2789 2872 nonnunquam

555 2875 1114 2958 praetermissam,
1177 2876 1560 2960 ubicumque
1615 2897 1694 2938 eoe
1747 2876 1964 2958 ipsius
2029 2873 2350 2936 sententia
2414 2874 2789 2937 necessaria

562 2959 923 3039 videbatur,
965 2961 1228 3023 institui
1237 2980 1261 3040 ,·
1306 2959 1766 3041 inscriptiones
1795 2960 1870 3020 in
1898 2957 2199 3042 marqine
2281 2958 2481 3021 ositas
2522 2959 2787 3038 retinui,

563 3065 863 3107 numeros
908 3043 1141 3106 ad‘eci.
1228 3043 1403 3108 Loca
1450 3042 1727 3107 obscura
1773 3051 1889 3104 aut
1931 3042 2133 3104 unius
2166 3065 2207 3104 a
2234 3041 2511 3106 teriusve
2538 3041 2793 3106 litterae

565 3127 925 3191 abscisione
994 3150 1187 3191 acera
1231 3128 1608 3211 conjectura
1640 3124 1977 3209 probabili
2019 3126 2250 3189 ductus
2296 3124 2566 3210 eoeplevi.

2190 3225 2266 3290 Θ.
2312 3227 2397 3290 H.
2442 3227 2700 3291 Pertz.

733 3396 860 3460 His
890 3400 1104 3482 primi
1141 3396 1426 3476 editoris,
1474 3397 1590 3481 qui
1626 3394 1866 3460 librum
1892 3394 2184 3479 feliciter
2215 3395 2453 3457 deteaeit
2474 3393 2784 3478 felicius-

564 3503 685 3566 que
743 3481 1090 3564 descripsit
1152 3490 1208 3543 et
1273 3480 1495 3560 edidit,
1560 3479 1772 3542 verbis
1825 3501 2058 3562 pauca
2124 3479 2504 3563 adjicienda
2569 3477 2790 3542 habeo.

569 3563 861 3630 Codicem
882 3567 1116 3628 iterum
1140 3587 1336 3650 quam
1359 3565 1846 3628 accuratissime
1870 3561 2133 3643 contuli,
2159 3562 2270 3625 sed
2285 3584 2513 3646 pauca
2536 3571 2786 3625 tantum

564 3671 766 3733 eaque
787 3646 961 3711 levia
981 3649 1056 3711 in
1078 3649 1224 3731 ipso
1249 3648 1564 3712 historiae
1593 3656 1769 3711 teoetu
1799 3647 2210 3711 emendanda
2236 3648 2481 3710 inveni.
2540 3645 2600 3709 V.
2624 3646 2681 3708 b.
2704 3669 2790 3708 m.

564 3732 746 3796 Pertz
776 3754 926 3796 vero
946 3733 1241 3815 priorem
1268 3731 1598 3796 lectionem
1628 3753 1759 3794 non
1791 3741 2163 3796 constanter
2192 3732 2493 3810 enotavit,
2539 3751 2616 3793 ea
2645 3739 2786 3793 tan-

563 3825 697 3880 tum
741 3814 1045 3879 eschibens
1106 3838 1272 3900 quae
1328 3817 1603 3900 majoris
1658 3818 1958 3880 momenti
2021 3818 2082 3879 ei
2143 3815 2554 3878 videbantur.
2645 3811 2789 3886 Quo

544 3900 812 3983 factum
857 3909 965 3979 est,
1010 3908 1083 3961 ut
1123 3903 1341 3965 minus
1386 3908 1766 3963 accuratam
1811 3901 2055 3963 codicis
2088 3901 2443 3984 imaqinem
2484 3899 2784 3961 traderet.

561 3984 740 4047 Nam
785 4006 983 4067 quam
1040 3985 1417 4069 saepissime
1477 4005 1645 4068 quae
1689 3985 1957 4048 chartae
1998 3982 2313 4048 intulerat
2374 3981 2472 4048 vel
2535 3979 2791 4046 calamo

563 4068 727 4131 dare
769 4069 1103 4150 inceperat
1144 4069 1467 4133 Richerus
1498 4078 1732 4152 postea
1776 4069 2157 4142 emendavit,
2211 4089 2361 4130 mooe
2403 4068 2574 4130 inter
2624 4067 2784 4129 scri-

562 4150 859 4230 bendum,
903 4151 1002 4214 ita
1030 4161 1101 4215 ut
1139 4152 1439 4240 sinqulas
1483 4161 1736 4216 tantum
1777 4151 2027 4216 litteras
2064 4151 2294 4216 deleret
2328 4149 2425 4213 vel
2453 4148 2792 4213 verborum⁴

562 4235 856 4300 ordinem
910 4245 1204 4320 mutaret,
1261 4261 1410 4302 moa·
1452 4237 1827 4324 posteriori,
1874 4258 1987 4301 nec
2032 4257 2164 4299 uno
2206 4244 2505 4319 tempore,
2569 4236 2668 4298 ita
2712 4243 2786 4296 ut
