3059 4834
722 266 1027 318 RICHERI
1068 267 1572 320 HISTORIARUM
1607 268 1828 318 LIBER
1859 269 1993 319 1111.
2351 270 2484 334 ‚145

236 440 505 514 starent,
551 452 696 495 cum
738 432 939 497 multa
982 432 1185 518 gloria
1228 443 1290 498 et
1332 434 1504 498 fama
1561 435 1894 500 victoriam
1936 435 2003 498 in
2054 432 2235 498 brevi
2290 435 2482 534 adep·
2503 453 2606 494 ⁹⁹0.

240 525 442 581 turos.
530 516 848 581 Processit
888 518 1204 582 exercitus
1260 527 1558 604 uterque,
1619 519 1823 583 donec
1878 516 2036 582 alter
2089 518 2356 583 alterum
2414 543 2482 582 1n

244 608 595 687 prospectu
636 598 916 665 haberet.
1002 601 1089 666 Et
1130 603 1222 664 sic
1265 611 1530 688 uterque
1573 601 1741 666 fixus
1786 600 2062 666 herebat.
2142 602 2482 688 Utrimque

244 704 381 747 non
430 683 835 748 mediocriter
892 683 1251 749 dubitatum
1310 695 1431 768 est,
1503 708 1650 750 cum
1707 684 1984 749 Karolus
2043 687 2137 749 rei
2187 685 2479 750 militaris

238 768 532 853 inopiam
574 765 854 849 haberet,
905 791 1122 854 regem
1165 790 1317 833 vero
1374 771 1626 833 animus
1680 771 1779 833 sui
1834 769 2132 833 facinoris
2188 771 2480 834 conscius

246 860 471 915 contra
527 851 626 915 ius
684 872 874 936 agere
890 862 916 894 ⁸
971 864 1290 937 argueret,
1352 874 1498 916 cum
1551 852 1862 916 Karolum
1920 861 2184 938 paterno
2241 852 2480 918 honore

240 935 619 1021 spoliaverit
659 944 848 1020 atque
901 939 1082 1022 regni
1124 938 1265 1000 iura
1306 937 1375 1000 in
1428 959 1566 1002 sese
1623 935 2050 1002 transfuderit.
2137 937 2258 1000 His
2314 947 2480 1002 uter-

248 1042 377 1120 que
418 1018 644 1083 herens
687 1019 1085 1105 persistebat.
1172 1021 1460 1085 Tandem
1515 1021 1759 1085 ratione
1818 1040 2100 1106 congrua
2155 1043 2195 1085 a
2245 1021 2481 1106 prima-

238 1102 420 1168 tibus
442 1104 618 1200 regib
648 1113 1018 1188 suggestum
1049 1113 1161 1186 est,
1190 1104 1647 1192 aliquantisper
1662 1125 1808 1167 cum
1837 1107 2124 1169 exercitu
2152 1103 2476 1185 standum3

241 1190 306 1251 si
378 1187 575 1251 hostis
632 1186 1032 1269 adventaret,
1099 1192 1123 1214 *
1140 1190 1495 1252 comminus
1554 1187 2119 1272 congrediendum3
2165 1189 2220 1251 si
2270 1185 2479 1252 nullus
2497 1200 2713 1244 ‘fol-46⁴·

240 1271 591 1351 lacessiret,
650 1292 794 1334 cum
845 1273 1129 1335 exercitu
1176 1271 1589 1336 redeundum.
1686 1271 1822 1336 Nec
1873 1273 2082 1335 minus
2140 1294 2179 1335 a
2234 1269 2476 1335 Karolo

246 1355 419 1420 idem
484 1353 903 1419 deliberatum
966 1355 1105 1420 fuit.
1190 1355 1399 1437 Unde,
1465 1356 1618 1442 quia
1659 1366 1800 1421 uter
1844 1378 1924 1420 ue
1968 1355 2265 1436 constitit,
2310 1364 2476 1420 uter-

293 1461 375 1503 ue
420 1438 542 1502 sibi
585 1439 795 1504 cessit.
866 1439 1009 1502 Rex
1058 1441 1406 1504 exercitum
1450 1440 1734 1521 reduxit;
1850 1439 2061 1503 arolus
2106 1461 2260 1504 vero
2303 1439 2478 1504 Lau-

296 1525 406 1587 uni
450 1545 591 1588 sese
632 1522 894 1607 recepit.

417 1607 519 1670 40.
600 1605 793 1670 *Odo
811 1607 889 1686 ¹³²⁸,
932 1607 1173 1671 interea
1216 1607 1580 1672 Drocarum
1603 1620 1621 1654 1
1681 1628 1762 1669 eu
1807 1607 1951 1670 idus
1964 1656 1979 1689 ,
2046 1607 2126 1670 de
2183 1603 2710 1670 Lauduni‘10¹·4⁷·

238 1691 544 1776 captione
624 1711 761 1755 sese
835 1689 1179 1776 plurimum
1252 1691 1540 1756 diffidere
1611 1712 1740 1776 apu
1854 1702 2112 1775 regem²
2185 1690 2476 1754 simulate

146 1775 152 1781 ’
242 1774 655 1861 querebatur,
700 1796 846 1838 cum
886 1777 1051 1839 aries
1093 1777 1354 1839 cesserit
1394 1775 1754 1860 militesque
1783 1774 2027 1839 viribus
2057 1773 2420 1838 diffiderent
2434 1786 2477 1854 0,

244 1858 447 1922 immo
491 1859 681 1922 etiam
723 1857 877 1921 urbs
929 1859 1069 1943 ipsa
1122 1857 1551 1922 inaccessibili
1592 1860 1716 1921 situ
1761 1856 2116 1922 obnitentes
2159 1867 2512 1942 contemp-⁴

242 1951 378 2006 nat.
420 1942 566 2006 Rex
586 1962 833 2004 merore
858 1942 1201 2022 confectuS,
1225 1941 1305 2004 ab
1324 1941 1554 2006 Odone
1579 1939 1866 2004 subsidia
1887 1941 2070 2025 petit3
2105 1961 2241 2003 sese
2271 1940 2480 2003 vicem

246 2033 900 2110 recompensaturum,
946 2027 999 2088 si
1036 2026 1255 2110 copias
1286 2024 1652 2109 suppeditet
1692 2031 1756 2087 et
1792 2024 1875 2087 ad
1913 2024 2228 2107 integrum
2256 2021 2482 2086 urbem

246 2117 609 2195 expugnet3
673 2107 844 2192 quod
886 2109 942 2171 si
984 2107 1512 2192 inpresentiarum
1565 2105 1647 2169 ali
1694 2106 1806 2170 uid
1861 2105 2031 2192 quod
2083 2102 2178 2168 lar
2225 2105 2482 2169 ‘endum

245 2193 329 2256 sit
350 2202 543 2278 petat,
564 2195 698 2256 sine
743 2190 939 2254 dubio
969 2212 1108 2254 sese
1135 2190 1479 2256 liberaliter
1508 2190 1656 2254 exhi
1705 2191 1959 2254 iturum.
2007 2187 2152 2252 Odo
2239 2187 2479 2253 auduni

242 2276 777 2361 inpugnationem
820 2273 1132 2358 simulque
1178 2283 1240 2338 et
1281 2275 1641 2359 captionem
1683 2275 1750 2336 in
1792 2273 2090 2358 proximo
2131 2271 2483 2357 pollicetur,

250 2360 309 2422 si
364 2367 610 2421 tantum
664 2378 704 2420 a
755 2380 907 2441 rege
963 2357 1213 2420 Drocas
1268 2358 1562 2443 accipiat.
1662 2357 1805 2420 Rex
1855 2356 2154 2421 vincendi
2209 2355 2482 2440 gloriam

246 2441 533 2526 cupienS,
575 2441 816 2526 petenti
859 2450 1135 2504 castrum
1164 2439 1626 2505 accommodat.
1702 2438 1926 2504 Palam
1957 2439 2250 2504 omnibus
2296 2438 2480 2520 cedit,

244 2524 747 2608 promissionum
800 2524 880 2588 de
933 2523 1247 2588 Lauduno
1306 2523 1617 2588 credulus.
1733 2524 1876 2589 Odo
1937 2545 2188 2610 quoque
2256 2523 2481 2588 urbem

238 2607 553 2670 amissam
606 2608 674 2670 in
713 2608 897 2672 brevi
950 2631 1087 2672 sese
1143 2607 1541 2673 redditurum
1592 2606 1806 2693 palam
1851 2605 2144 2671 omnibus
2193 2607 2480 2692 spondet.

248 2689 545 2755 Castrum
592 2712 744 2776 ergo
788 2713 828 2755 a
855 2713 1007 2776 rege
1038 2713 1412 2756 concessum
1440 2689 1683 2777 absque
1713 2713 1892 2755 mora
1967 2692 2097 2774 etit,
2131 2700 2480 2756 castrenses

234 2772 373 2838 ,sibi
415 2777 797 2840 sacramenti
835 2777 972 2840 iure
1026 2786 1369 2841 annectens
1422 2777 1640 2863 eisque
1683 2774 1840 2840 alios
1894 2713 2164 2862 aliquot,
2211 2797 2482 2861 quorum

244 2857 401 2922 fidei
442 2858 728 2943 vigorem
772 2858 1030 2942 sciebat,
1074 2861 1416 2942 assotians3
1460 2860 1638 2945 regia
1680 2861 1937 2945 negotia
1979 2858 2213 2924 exinde
2243 2858 2480 2924 utiliter

236 2953 387 3006 sata
433 2964 564 3006 enS.
667 2940 867 3007 Cuius
923 2953 1139 3009 tamen
1196 2943 1542 3008 voluntatis
1597 2942 1856 3008 effectus
1910 2942 2119 3008 nullus
2187 2941 2339 3023 fuit,
2400 2964 2476 3007 eo

294 3048 378 3090 uo
478 3028 900 3111 tempestivad
957 3029 1133 3093 urbis
1184 3029 1462 3114 proditio
1518 3037 1762 3092 vetaret
1814 3038 1878 3092 et
1936 3049 2123 3092 casus
2163 3026 2482 3111 repentini

314 3110 430 3174 ‘ter
446 3123 469 3153 θ
522 3110 663 3174 fieri
703 3121 1056 3195 arguerent.

386 3232 491 3295 41.
569 3234 597 3258 '*
618 3229 919 3294 Subtilisf
957 3229 1377 3295 machinatiof
1414 3232 1483 3294 in
1523 3230 1840 3295 Karolum
1882 3240 1948 3294 et
1988 3228 2342 3292 Arnulfum.
2500 3242 2609 3287 ’τοι
2642 3247 2733 3288 46‘.

424 3330 528 3396 Ab
599 3332 723 3395 hoc
799 3339 1087 3417 tempore
1154 3332 1478 3397 Adalbero
1539 3330 2059 3396 Laudunensium
2113 3330 2474 3415 episcopus,
2555 3309 2722 3347 “mm''

232 3416 360 3502 qui
402 3425 549 3480 ante
594 3437 633 3479 a
671 3413 911 3479 Karolo
957 3424 1181 3500 captus
1224 3417 1576 3501 aufugerat,
1638 3415 1810 3478 omni
1851 3413 2110 3498 ingenio
2158 3413 2478 3497 oportuni-

233 3510 443 3564 tatem
502 3497 879 3585 quaerebat,
936 3520 1066 3584 qua
1118 3521 1305 3562 versa
1359 3501 1499 3562 vice
1554 3508 1618 3563 et
1671 3497 2055 3561 Laudunum
2112 3506 2372 3581 caperet
2415 3505 2478 3560 et

236 3581 558 3648 Karolum
602 3581 1185 3667 comprehenderet.
1257 3583 1533 3668 Legatos
1576 3582 1792 3666 itaque
1837 3579 2199 3672 huiusmodi
2240 3581 2482 3666 negotii

244 3666 746 3730 officiosissimos
783 3664 1051 3730 Amulfo
1082 3665 1380 3751 dirigens,
1410 3666 1777 3747 amicitiam,
1805 3663 2019 3746 fidem,
2050 3665 2485 3752 suppetiarum

234 3749 537 3815 subsidia
578 3749 857 3814 mandat.
942 3749 1025 3813 Ei
1070 3771 1323 3836 quoque
1366 3758 1586 3835 utpote
1641 3771 1754 3814 suo
1814 3747 2300 3838 metropolitano
2346 3769 2484 3812 sese

366 3913 413 3964 a)
446 3914 612 3954 fecisse
635 3885 854 3963 supano-r.
896 3923 1036 3964 agere
1075 3925 1111 3954 ο.
1286 3910 1334 3961 b)
1361 3918 1462 3963 poet
1492 3912 1592 3953 add.
1725 3910 1791 3963 δ’)
1823 3911 2044 3960 ecquemia
2083 3912 2134 3950 in
2162 3910 2280 3960 folio
2311 3911 2479 3950 minore

230 3977 345 4023 post
374 3973 537 4013 inserto
568 3973 717 4012 addita
749 3977 867 4013 eunt.
902 3993 952 4004 -—
988 3972 1043 4017 Ο.
1076 3984 1111 4013 c.
1145 3982 1323 4021 semper.
1482 3969 1524 4023 c)
1559 3971 1774 4011 diffidant
1809 3973 1849 4011 1.
2015 3967 2060 4020 d)
2095 3971 2145 4009 in
2176 3975 2280 4010 ante
2308 3973 2480 4020 tempe·

246 4032 369 4072 stiva.
399 4033 479 4072 del.
602 4030 647 4081 e)
681 4036 728 4071 et
757 4033 892 4071 aliter
926 4033 965 4074 1.
1084 4029 1120 4080 f)
1154 4030 1262 4078 Sub,
1296 4041 1372 4070 ma
1402 4031 1517 4072 abeo.

400 4149 455 4210 1·)
494 4149 695 4198 Dreux.
860 4149 924 4212 2)
967 4147 1157 4200 Comes
1196 4145 1383 4213 procul
1426 4145 1586 4196 dubio
1628 4144 1987 4203 Carnotensis,
2039 4145 2130 4209 qui
2171 4159 2216 4196 c.
2261 4143 2328 4192 74
2356 4159 2473 4210 sqq.

241 4229 590 4272 memoratur.

1943 4302 2022 4364 10
