3059 4834
716 285 1026 337 RICHERI
1065 286 1573 338 HISTORIARUM
1610 286 1835 339 LIBER
1872 287 1950 337 ΙΙ.
2394 287 2460 337 61

342 453 444 518 23.
511 451 710 540 Hugo
753 475 831 518 ac
874 450 1258 518 Heribertus
1300 453 1368 516 in
1411 453 1582 538 regis
1625 453 1914 519 absentia
1954 451 2344 518 Laudunum
2479 472 2580 515 940.

1157 538 1535 623 inpugnant.

388 639 685 725 Hugone·
713 663 782 704 er
831 662 867 704 o
923 639 1217 720 diacone,
1276 639 1510 703 tiranni
1553 638 1704 720 filio,
1762 639 1978 703 Remis
2032 638 2271 722 relict0,
2324 641 2456 704 iam

215 722 471 808 pridem
516 725 708 788 etiam
739 745 778 786 a
852 725 1296 810 episcopatum
1353 724 1530 788 urbis
1572 722 1774 808 ipsius
1818 734 2105 798 evocato,
2148 725 2171 786 i
2219 746 2287 788 se
2330 723 2458 788 He-

213 805 496 871 ribertus
539 817 733 893 atque
777 807 975 893 Hugo
1017 807 1406 871 Laudunum
1451 817 1643 870 cuma
1679 827 1755 870 co
1803 807 1928 870 iisa
1971 828 2169 891 aggre
2216 808 2451 889 iuntur‚

218 889 623 956 obsidionem
667 890 949 977 undique
978 890 1376 974 adhibentes,
1418 892 1647 957 urbem
1677 892 1766 954 mi
1795 891 1984 956 'tibus
2015 912 2288 955 vacuam
2317 892 2459 973 rati,

220 995 302 1039 eo
350 973 524 1059 quod
566 997 685 1038 rex
712 976 783 1039 in
810 975 1106 1062 partibus
1137 975 1551 1061 Burgundiae
1582 973 2004 1040 exterioribus
2034 973 2159 1038 alia
2190 982 2459 1038 curaret.

219 1057 313 1123 Et
386 1080 512 1156 qua
583 1068 878 1145 poterant
951 1069 1400 1146 oppugnantes
1413 1108 1430 1141 ‚
1506 1057 1758 1144 ingredi
1829 1059 2239 1125 conabantur.
2347 1057 2462 1123 *At
2479 1067 2495 1085 ·
2512 1069 2719 1114 fol-1⁸⁴·

219 1152 457 1206 montis
516 1143 860 1208 eminentia
917 1143 1355 1229 superioribus
1411 1145 1723 1229 impares,
1788 1164 1917 1206 non
1982 1143 2178 1207 semel
2236 1142 2460 1207 cedere

222 1227 435 1373 coactbi
489 1237 653 1374 sttilpt.
738 1227 1074 1292 Instabant
1126 1237 1342 1292 tamen
1398 1248 1473 1290 ac
1532 1228 1669 1311 regi
1719 1226 2079 1310 ingressum
2134 1226 2461 1312 preripere

222 1330 390 1373 cona
436 1331 518 1374 an
590 1333 642 1374 r.

589 1431 690 1495 24.
755 1431 931 1516 Rege
949 1432 978 1473 b
1022 1429 1444 1496 advenienteb
1491 1430 1740 1496 obsidio
1785 1428 2107 1494 solviturb.

391 1531 660 1616 Iamque
725 1531 1117 1596 ebdomadas
1184 1543 1429 1619 septem
1504 1534 2051 1618 obpugnaverant,
2126 1552 2273 1595 cum
2344 1554 2463 1596 rex

220 1612 412 1678 huius
453 1617 550 1679 rei
591 1617 836 1681 accitus
879 1617 1122 1698 nunti0,
1165 1618 1234 1680 in
1279 1615 1633 1701 Campania
1686 1617 1988 1680 Remensi
2040 1617 2458 1701 tempestivus

221 1698 418 1763 affuit.
519 1698 607 1762 Et
661 1697 813 1763 licet
868 1721 1014 1762 cum
1073 1702 1318 1786 paucis,
1375 1699 1648 1766 fluvium
1703 1709 1918 1765 tamen
1960 1698 2261 1764 Axonam
2318 1722 2457 1785 per-

221 1793 391 1847 meat
435 1793 498 1848 et
539 1783 631 1846 sic
675 1783 744 1846 in
787 1782 1000 1848 hostes
1044 1783 1264 1849 fertur.
1353 1784 1500 1865 Quo
1546 1794 1895 1870 comperto,
1950 1784 2184 1848 tiranni
2198 1796 2241 1866 ⁰,
2284 1785 2457 1869 regis

267 1888 350 1930 uo
397 1889 479 1930 ue
538 1867 826 1930 animum
884 1867 1199 1952 simulque
1259 1878 1322 1932 et
1377 1869 1764 1954 aequitatem
1816 1867 2313 1954 perpendenteS,
2374 1869 2457 1934 ab

224 1970 260 2013 o
309 1951 364 2014 si
415 1951 555 2014 'one
601 1949 956 2015 discedunt.
1043 1951 1187 2014 Rex
1229 1973 1382 2016 vero
1433 1953 1780 2036 ingressus,
1834 1952 2043 2015 victus
2096 1952 2459 2015 necessaria

220 2033 351 2097 suis
409 2037 662 2118 paravit
717 2055 794 2096 ac
854 2055 1017 2119 quae
1065 2056 1146 2098 ue
1205 2033 1545 2099 commoda
1608 2035 1944 2099 ordinavit.
2054 2032 2289 2119 Sicque
2333 2032 2459 2098 alia

221 2116 669 2203 dispositurus,
737 2117 1010 2200 Burgun
1056 2119 1186 2180 iam
1228 2119 1478 2202 repetit.
1586 2119 1665 2182 In
1708 2119 1889 2181 cuius
1935 2116 2218 2181 discessu
2257 2114 2456 2180 Wido

223 2200 606 2266 Suessorum
650 2201 990 2285 episcopus
1033 2221 1073 2262 a
1118 2199 1547 2265 desertoribus
1589 2223 1836 2284 suasus,
1879 2223 1954 2265 eo
2002 2201 2175 2285 quod
2220 2207 2283 2263 et
2316 2200 2457 2286 ipse

221 2306 442 2349 eorum
555 2291 722 2346 artes
791 2281 1059 2348 latenter
1122 2293 1424 2364 tueretur,
1488 2284 1722 2350 Remos
1784 2285 2068 2367 venienS,
2131 2283 2459 2349 Heriberti

217 2366 424 2430 filium
466 2305 813 2451 I'fugonem
856 2365 1284 2452 presbiterum
1330 2366 1667 2433 ordinavit.
1752 2368 1943 2433 Unde
1988 2379 2052 2433 et
2096 2391 2243 2432 eum
2272 2376 2457 2453 pater

221 2449 602 2531 sacerdotali
645 2450 956 2535 dignitate
1013 2450 1323 2536 ampliare
1383 2452 1671 2536 cupiens,
1727 2463 1799 2518 ut
1842 2451 2147 2517 Artoldus
2203 2451 2455 2538 pontifi-

219 2545 400 2600 catus
445 2535 629 2634 apice
670 2533 960 2618 legaliter
1001 2535 1380 2620 privaretur,
1433 2536 1742 2601 instanter
1798 2537 2163 2636 quaerebat.
2251 2535 2453 2600 Cuius

215 2619 311 2682 rei
353 2628 664 2683 ratlonem
709 2639 856 2681 cum
900 2618 1178 2704 Hugone
1221 2618 1384 2683 duce
1423 2618 1690 2685 contulit
1718 2643 1794 2686 ac
1824 2644 1891 2684 1n
1920 2621 2217 2686 effectum
2244 2618 2451 2706 redigi

215 2701 565 2766 admodum
607 2703 813 2788 petiit.

260 2833 363 2898 25.
408 2831 756 2897 Artoldus‘l
799 2854 839 2896 a
881 2832 1576 2919 comprovincialibusd
1618 2832 1936 2932 episcopis
1955 2833 1983 2874 ‘¹
2015 2831 2410 2919 repudiatur,

861 2918 966 2982 et‘¹
1009 2938 1127 3004 pro
1174 2939 1248 2982 eo
1293 2917 1489 3003 Hugo
1536 2916 1807 3002 eligltur.

384 3018 720 3103 Disposita
783 3041 933 3105 ergo
1003 3019 1321 3083 rationum
1387 3041 1658 3102 summa,
1723 3017 2059 3082 Remensis
2121 3015 2451 3081 dioceseos
2474 3044 2575 3088 941.

219 3101 556 3189 episcopos
603 3112 978 3185 convocant,
1039 3103 1150 3188 qui
1201 3104 1367 3168 inter
1409 3103 1752 3168 Artoldum
1811 3111 1873 3166 et
1915 3101 2261 3185 Hugonem
2306 3122 2451 3165 con-

217 3186 592 3252 troversiam
663 3184 1089 3250 determinent
1159 3185 1682 3272 obiectorumque
1764 3185 1959 3248 finem
2038 3186 2450 3249 constituant.

220 3268 488 3335 Collecti
518 3292 670 3353 ergo
712 3268 885 3354 apud
929 3268 1156 3333 urbem
1189 3271 1657 3353 Suessonicam,
1699 3271 1766 3332 in
1794 3265 2063 3331 basilica
2090 3277 2453 3331 sanctorum

219 3353 550 3418 martirum
597 3353 879 3439 Crispini
923 3362 986 3416 et
1030 3350 1442 3439 Crispiniani,
1488 3353 1729 3416 civium
1765 3351 2180 3415 Remensium
2225 3371 2451 3446 quere-

216 3435 344 3500 lam
389 3439 532 3501 exci
581 3438 740 3520 iunt,
784 3436 1134 3502 dicentium
1178 3459 1316 3501 sese
1359 3436 1717 3500 diutissime
1770 3443 2027 3520 pastore
2086 3432 2452 3514 destitutos3

218 3522 323 3586 cui
381 3521 502 3586 sub
550 3530 740 3586 antur
793 3531 858 3586 et
909 3519 1359 3605 obsequantur,
1417 3517 1790 3605 suppliciter
1842 3523 2175 3602 expetere3
2242 3513 2452 3580 Artol-

219 3605 376 3670 dum
419 3606 547 3668 iam
593 3629 660 3670 se
704 3604 891 3687 nolle,
934 3626 1011 3668 eo
1058 3603 1232 3689 quod
1275 3610 1670 3668 sacramento
1715 3600 2113 3687 episcopium
2156 3598 2453 3685 repudia-

216 3690 411 3772 verit3
455 3699 522 3754 at
563 3689 929 3774 Hugonem,
977 3686 1152 3774 quod
1183 3687 1469 3751 omnium
1497 3687 1733 3751 unione
1762 3684 2000 3750 electus
2032 3684 2453 3770 omnibusque

217 3773 705 3859 acceptissimus
749 3775 849 3838 sit.
937 3772 1228 3852 Quorum
1275 3770 1690 3858 querimoniis
1746 3769 2033 3856 episcopi
2076 3778 2451 3850 annuentes,

218 3857 576 3922 sacerdotio
620 3857 887 3943 dignum
943 3856 1292 3942 Hugonem
1344 3863 1654 3937 asserunt,
1716 3875 1792 3918 eo
1847 3852 2020 3939 quod
2071 3874 2200 3917 non
2244 3849 2451 3915 solum

220 3942 431 4006 carnis
485 3940 803 4024 nobilitas,
858 3938 971 4005 sed
1015 3950 1080 4005 et
1119 3939 1319 4003 animi
1362 3959 1571 4003 mores
1626 3936 1847 4023 pudici
1948 3935 2250 4002 lurimum
2306 3956 2456 3999 eum

222 4025 768 4109 commendarent3
833 4034 1043 4090 ratum
1107 4025 1299 4090 etiam
1363 4022 1518 4106 fore,
1576 4023 1631 4088 si
1682 4022 1845 4087 tanti
1939 4021 2152 4086 onoris
2205 4017 2456 4084 culmen

220 4277 267 4316 et
325 4214 396 4317 bna
418 4223 516 4268 poet
546 4217 649 4257 add.
769 4213 817 4268 b)
849 4216 904 4268 R,
945 4218 1010 4268 ni,
1053 4227 1074 4256 s
1117 4216 1228 4259 absc.
1351 4213 1393 4267 c)
1424 4215 1698 4257 Hel-ibertus
1738 4217 1785 4255 et
1824 4213 1961 4262 Engo
2010 4214 2052 4253 1.
2176 4208 2221 4263 d)
2250 4210 2307 4264 A,
2339 4221 2377 4250 c.
2412 4221 2454 4263 e,

295 4286 324 4315 a
397 4307 410 4320 .

1898 4343 1983 4406 4*
