<?xml version="1.0" encoding="UTF-8"?>
<!DOCTYPE html PUBLIC "-//W3C//DTD XHTML 1.0 Transitional//EN"
    "http://www.w3.org/TR/xhtml1/DTD/xhtml1-transitional.dtd">
<html xmlns="http://www.w3.org/1999/xhtml" xml:lang="en" lang="en">
 <head>
  <title>
</title>
<meta http-equiv="Content-Type" content="text/html;charset=utf-8" />
  <meta name='ocr-system' content='tesseract 3.04.00' />
  <meta name='ocr-capabilities' content='ocr_page ocr_carea ocr_par ocr_line ocrx_word'/>
</head>
<body>
  <div class='ocr_page' id='page_1' title='image "./richerihistoria00unkngoog_0106.png"; bbox 0 0 3059 4834; ppageno 0'>
   <div class='ocr_carea' id='block_1_1' title="bbox 2 380 20 1135">
    <p class='ocr_par' dir='ltr' id='par_1_1' title="bbox 2 380 20 1135">
     <span class='ocr_line' id='line_1_1' title="bbox 2 380 20 1135; textangle 90"><span class='ocrx_word' id='word_1_1' title='bbox 2 440 20 1135; x_wconf 52' lang='lat' dir='ltr'>&#39;‘W-*¹*-</span> <span class='ocrx_word' id='word_1_2' title='bbox 7 380 15 405; x_wconf 70' lang='lat' dir='ltr'>q-</span> 
     </span>
    </p>
   </div>
   <div class='ocr_carea' id='block_1_2' title="bbox 2 1420 29 2183">
    <p class='ocr_par' dir='ltr' id='par_1_2' title="bbox 2 1420 29 2183">
     <span class='ocr_line' id='line_1_2' title="bbox 2 1420 9 2183; textangle 90"><span class='ocrx_word' id='word_1_3' title='bbox 4 2092 7 2183; x_wconf 59' lang='grc'>---«</span> <span class='ocrx_word' id='word_1_4' title='bbox 4 2064 6 2081; x_wconf 53' lang='lat'>..</span> <span class='ocrx_word' id='word_1_5' title='bbox 4 1770 9 2037; x_wconf 72' lang='lat'><em>-.——.-——-</em></span> <span class='ocrx_word' id='word_1_6' title='bbox 2 1420 9 1759; x_wconf 53' lang='lat'>—-.--.--—-</span> 
     </span>
     <span class='ocr_line' id='line_1_3' title="bbox 20 1927 29 1934; textangle 90"><span class='ocrx_word' id='word_1_7' title='bbox 20 1927 29 1934; x_wconf 70' lang='grc' dir='ltr'><strong><em>ο</em></strong></span> 
     </span>
    </p>
   </div>
   <div class='ocr_carea' id='block_1_3' title="bbox 736 274 2499 327">
    <p class='ocr_par' dir='ltr' id='par_1_3' title="bbox 736 274 2499 327">
     <span class='ocr_line' id='line_1_4' title="bbox 736 274 2499 327; baseline 0 -1"><span class='ocrx_word' id='word_1_8' title='bbox 736 275 1041 327; x_wconf 86' lang='lat' dir='ltr'>RICHERI</span> <span class='ocrx_word' id='word_1_9' title='bbox 1077 275 1585 327; x_wconf 85' lang='lat' dir='ltr'>HISTORIARUM</span> <span class='ocrx_word' id='word_1_10' title='bbox 1621 274 1845 326; x_wconf 89' lang='lat' dir='ltr'><strong>LIBER</strong></span> <span class='ocrx_word' id='word_1_11' title='bbox 1882 275 1989 326; x_wconf 87' lang='grc' dir='ltr'><strong>ΙΙΙ.</strong></span> <span class='ocrx_word' id='word_1_12' title='bbox 2429 275 2499 326; x_wconf 85' lang='grc'>89</span> 
     </span>
    </p>
   </div>
   <div class='ocr_carea' id='block_1_4' title="bbox 258 439 2503 2204">
    <p class='ocr_par' dir='ltr' id='par_1_4' title="bbox 258 439 2500 1011">
     <span class='ocr_line' id='line_1_5' title="bbox 439 439 2499 528; baseline -0 -20"><span class='ocrx_word' id='word_1_13' title='bbox 439 445 499 508; x_wconf 92' lang='grc'>6.</span> <span class='ocrx_word' id='word_1_14' title='bbox 563 443 814 508; x_wconf 82' lang='lat' dir='ltr'>Interea</span> <span class='ocrx_word' id='word_1_15' title='bbox 844 441 1080 506; x_wconf 92' lang='lat' dir='ltr'>Ottone</span> <span class='ocrx_word' id='word_1_16' title='bbox 1121 465 1273 528; x_wconf 90' lang='lat' dir='ltr'>rege</span> <span class='ocrx_word' id='word_1_17' title='bbox 1303 441 1592 506; x_wconf 85' lang='lat' dir='ltr'>Bulizlao</span> <span class='ocrx_word' id='word_1_18' title='bbox 1624 439 2059 506; x_wconf 84' lang='lat' dir='ltr'>Sarmatarum</span> <span class='ocrx_word' id='word_1_19' title='bbox 2097 443 2235 528; x_wconf 87' lang='lat' dir='ltr'>regi</span> <span class='ocrx_word' id='word_1_20' title='bbox 2264 440 2499 507; x_wconf 90' lang='lat' dir='ltr'>bellum</span> 
     </span>
     <span class='ocr_line' id='line_1_6' title="bbox 258 523 2500 612; baseline 0 -21"><span class='ocrx_word' id='word_1_21' title='bbox 258 525 580 592; x_wconf 82' lang='lat' dir='ltr'>inferente</span> <span class='ocrx_word' id='word_1_22' title='bbox 604 539 643 609; x_wconf 88' lang='lat'>¹,</span> <span class='ocrx_word' id='word_1_23' title='bbox 688 527 1061 611; x_wconf 88' lang='lat' dir='ltr'>Ragenerus</span> <span class='ocrx_word' id='word_1_24' title='bbox 1104 525 1383 612; x_wconf 90' lang='lat' dir='ltr'>quidam,</span> <span class='ocrx_word' id='word_1_25' title='bbox 1430 545 1621 612; x_wconf 90' lang='lat' dir='ltr'>quem</span> <span class='ocrx_word' id='word_1_26' title='bbox 1665 523 1817 590; x_wconf 93' lang='lat' dir='ltr'>Otto</span> <span class='ocrx_word' id='word_1_27' title='bbox 1859 547 1976 590; x_wconf 91' lang='lat' dir='ltr'>rex</span> <span class='ocrx_word' id='word_1_28' title='bbox 2020 523 2100 589; x_wconf 94' lang='lat' dir='ltr'>ob</span> <span class='ocrx_word' id='word_1_29' title='bbox 2147 526 2500 592; x_wconf 82' lang='lat' dir='ltr'><strong>custodiam</strong></span> 
     </span>
     <span class='ocr_line' id='line_1_7' title="bbox 261 607 2497 696; baseline 0.001 -22"><span class='ocrx_word' id='word_1_30' title='bbox 261 611 339 674; x_wconf 93' lang='lat' dir='ltr'>in</span> <span class='ocrx_word' id='word_1_31' title='bbox 394 609 659 696; x_wconf 84' lang='lat' dir='ltr'>Belgica</span> <span class='ocrx_word' id='word_1_32' title='bbox 712 609 1056 691; x_wconf 83' lang='lat' dir='ltr'>dimiserat,</span> <span class='ocrx_word' id='word_1_33' title='bbox 1112 608 1313 673; x_wconf 90' lang='lat' dir='ltr'>multa</span> <span class='ocrx_word' id='word_1_34' title='bbox 1369 630 1534 695; x_wconf 90' lang='lat' dir='ltr'>quae</span> <span class='ocrx_word' id='word_1_35' title='bbox 1587 607 1809 680; x_wconf 81' lang='lat' dir='ltr'>illicita</span> <span class='ocrx_word' id='word_1_36' title='bbox 1852 618 2032 673; x_wconf 90' lang='lat' dir='ltr'>erant</span> <span class='ocrx_word' id='word_1_37' title='bbox 2072 611 2497 694; x_wconf 81' lang='lat' dir='ltr'>presumebat.</span> 
     </span>
     <span class='ocr_line' id='line_1_8' title="bbox 261 691 2498 780; baseline 0 -21"><span class='ocrx_word' id='word_1_38' title='bbox 261 695 446 760; x_wconf 85' lang='lat' dir='ltr'>Inter</span> <span class='ocrx_word' id='word_1_39' title='bbox 488 716 652 779; x_wconf 91' lang='lat' dir='ltr'>quae</span> <span class='ocrx_word' id='word_1_40' title='bbox 694 692 883 758; x_wconf 88' lang='lat' dir='ltr'>aedes</span> <span class='ocrx_word' id='word_1_41' title='bbox 926 693 1134 777; x_wconf 87' lang='lat' dir='ltr'>regias</span> <span class='ocrx_word' id='word_1_42' title='bbox 1177 703 1239 758; x_wconf 92' lang='lat' dir='ltr'>et</span> <span class='ocrx_word' id='word_1_43' title='bbox 1281 693 1507 778; x_wconf 89' lang='lat' dir='ltr'>predia</span> <span class='ocrx_word' id='word_1_44' title='bbox 1547 692 1791 777; x_wconf 87' lang='lat' dir='ltr'>regalia</span> <span class='ocrx_word' id='word_1_45' title='bbox 1821 691 2070 756; x_wconf 81' lang='lat' dir='ltr'>Gerber</span> <span class='ocrx_word' id='word_1_46' title='bbox 2114 715 2190 758; x_wconf 90' lang='lat' dir='ltr'>ae</span> <span class='ocrx_word' id='word_1_47' title='bbox 2219 696 2498 780; x_wconf 87' lang='lat' dir='ltr'>reginae,</span> 
     </span>
     <span class='ocr_line' id='line_1_9' title="bbox 264 715 2500 865; baseline 0.001 -23"><span class='ocrx_word' id='word_1_48' title='bbox 264 800 437 864; x_wconf 91' lang='lat' dir='ltr'>quae</span> <span class='ocrx_word' id='word_1_49' title='bbox 464 778 531 840; x_wconf 90' lang='lat' dir='ltr'>in</span> <span class='ocrx_word' id='word_1_50' title='bbox 558 774 826 862; x_wconf 83' lang='lat' dir='ltr'>Belgica</span> <span class='ocrx_word' id='word_1_51' title='bbox 855 787 1052 859; x_wconf 89' lang='lat' dir='ltr'>erant,</span> <span class='ocrx_word' id='word_1_52' title='bbox 1096 777 1411 841; x_wconf 89' lang='lat' dir='ltr'>tirannica</span> <span class='ocrx_word' id='word_1_53' title='bbox 1438 777 1796 841; x_wconf 83' lang='lat' dir='ltr'>temeritate</span> <span class='ocrx_word' id='word_1_54' title='bbox 1813 787 1839 818; x_wconf 73' lang='lat'>³</span> <span class='ocrx_word' id='word_1_55' title='bbox 1868 715 2181 862; x_wconf 56' lang='lat' dir='ltr'>pervadit.</span> <span class='ocrx_word' id='word_1_56' title='bbox 2253 780 2500 865; x_wconf 86' lang='lat' dir='ltr'>Regina</span> 
     </span>
     <span class='ocr_line' id='line_1_10' title="bbox 262 858 2498 949; baseline -0 -22"><span class='ocrx_word' id='word_1_57' title='bbox 262 883 423 927; x_wconf 86' lang='lat' dir='ltr'>vero</span> <span class='ocrx_word' id='word_1_58' title='bbox 468 860 641 946; x_wconf 91' lang='lat' dir='ltr'>apud</span> <span class='ocrx_word' id='word_1_59' title='bbox 687 881 834 924; x_wconf 89' lang='lat' dir='ltr'>suos</span> <span class='ocrx_word' id='word_1_60' title='bbox 878 860 958 924; x_wconf 91' lang='lat' dir='ltr'>de</span> <span class='ocrx_word' id='word_1_61' title='bbox 1002 858 1363 946; x_wconf 79' lang='lat' dir='ltr'>repetendis</span> <span class='ocrx_word' id='word_1_62' title='bbox 1417 860 1660 946; x_wconf 88' lang='lat' dir='ltr'>prediis</span> <span class='ocrx_word' id='word_1_63' title='bbox 1713 870 1778 925; x_wconf 92' lang='lat' dir='ltr'>et</span> <span class='ocrx_word' id='word_1_64' title='bbox 1819 859 2084 926; x_wconf 91' lang='lat' dir='ltr'>aedibus</span> <span class='ocrx_word' id='word_1_65' title='bbox 2127 862 2318 947; x_wconf 87' lang='lat' dir='ltr'>regiis</span> <span class='ocrx_word' id='word_1_66' title='bbox 2374 865 2498 949; x_wconf 87' lang='lat' dir='ltr'>pri-</span> 
     </span>
     <span class='ocr_line' id='line_1_11' title="bbox 264 942 1346 1011; baseline -0.002 -1"><span class='ocrx_word' id='word_1_67' title='bbox 264 946 474 1011; x_wconf 86' lang='lat' dir='ltr'>vatim</span> <span class='ocrx_word' id='word_1_68' title='bbox 520 943 872 1009; x_wconf 88' lang='lat' dir='ltr'>consultare</span> <span class='ocrx_word' id='word_1_69' title='bbox 914 965 1043 1008; x_wconf 93' lang='lat' dir='ltr'>non</span> <span class='ocrx_word' id='word_1_70' title='bbox 1086 942 1346 1009; x_wconf 85' lang='lat' dir='ltr'>distulit.</span> 
     </span>
    </p>

    <p class='ocr_par' dir='ltr' id='par_1_5' title="bbox 264 1027 2502 1785">
     <span class='ocr_line' id='line_1_12' title="bbox 444 1027 2500 1115; baseline -0 -22"><span class='ocrx_word' id='word_1_71' title='bbox 444 1031 499 1094; x_wconf 88' lang='lat'>7.</span> <span class='ocrx_word' id='word_1_72' title='bbox 565 1029 743 1092; x_wconf 90' lang='lat' dir='ltr'>Inter</span> <span class='ocrx_word' id='word_1_73' title='bbox 785 1050 945 1115; x_wconf 88' lang='lat' dir='ltr'>quos</span> <span class='ocrx_word' id='word_1_74' title='bbox 988 1050 1137 1092; x_wconf 89' lang='lat' dir='ltr'>cum</span> <span class='ocrx_word' id='word_1_75' title='bbox 1237 1029 1415 1092; x_wconf 86' lang='lat' dir='ltr'>aterb</span> <span class='ocrx_word' id='word_1_76' title='bbox 1467 1050 1650 1092; x_wconf 91' lang='lat' dir='ltr'>meus</span> <span class='ocrx_word' id='word_1_77' title='bbox 1703 1028 1891 1091; x_wconf 88' lang='lat' dir='ltr'>huius</span> <span class='ocrx_word' id='word_1_78' title='bbox 1946 1029 2041 1092; x_wconf 91' lang='lat' dir='ltr'>rei</span> <span class='ocrx_word' id='word_1_79' title='bbox 2097 1027 2500 1114; x_wconf 73' lang='lat' dir='ltr'>dispositioni</span> 
     </span>
     <span class='ocr_line' id='line_1_13' title="bbox 264 1110 2498 1197; baseline 0.001 -20"><span class='ocrx_word' id='word_1_80' title='bbox 264 1113 598 1178; x_wconf 88' lang='lat' dir='ltr'>videretur</span> <span class='ocrx_word' id='word_1_81' title='bbox 623 1110 910 1194; x_wconf 91' lang='lat' dir='ltr'>idoneus,</span> <span class='ocrx_word' id='word_1_82' title='bbox 940 1112 1023 1177; x_wconf 63' lang='lat' dir='ltr'>ab</span> <span class='ocrx_word' id='word_1_83' title='bbox 1052 1133 1129 1176; x_wconf 90' lang='lat' dir='ltr'>eo</span> <span class='ocrx_word' id='word_1_84' title='bbox 1158 1113 1179 1174; x_wconf 93' lang='lat' dir='ltr'>i</span> <span class='ocrx_word' id='word_1_85' title='bbox 1256 1133 1662 1196; x_wconf 82' lang='lat' dir='ltr'>summopere</span> <span class='ocrx_word' id='word_1_86' title='bbox 1694 1111 2117 1175; x_wconf 90' lang='lat' dir='ltr'>ordinandum</span> <span class='ocrx_word' id='word_1_87' title='bbox 2144 1113 2498 1197; x_wconf 90' lang='lat' dir='ltr'>petebatur.</span> 
     </span>
     <span class='ocr_line' id='line_1_14' title="bbox 268 1193 2497 1282; baseline 0 -22"><span class='ocrx_word' id='word_1_88' title='bbox 268 1195 469 1278; x_wconf 77' lang='lat' dir='ltr'>Quod</span> <span class='ocrx_word' id='word_1_89' title='bbox 513 1197 705 1261; x_wconf 88' lang='lat' dir='ltr'>etiam</span> <span class='ocrx_word' id='word_1_90' title='bbox 748 1197 887 1281; x_wconf 90' lang='lat' dir='ltr'>ipse</span> <span class='ocrx_word' id='word_1_91' title='bbox 942 1193 1410 1281; x_wconf 88' lang='lat' dir='ltr'>disponendum</span> <span class='ocrx_word' id='word_1_92' title='bbox 1478 1195 1866 1280; x_wconf 88' lang='lat' dir='ltr'>suscipiens:</span> <span class='ocrx_word' id='word_1_93' title='bbox 1955 1195 2217 1278; x_wconf 86' lang='lat' dir='ltr'>‘Sinite&#39;,</span> <span class='ocrx_word' id='word_1_94' title='bbox 2272 1197 2497 1282; x_wconf 90' lang='lat' dir='ltr'>inquit,</span> 
     </span>
     <span class='ocr_line' id='line_1_15' title="bbox 264 1277 2500 1366; baseline 0.001 -23"><span class='ocrx_word' id='word_1_95' title='bbox 264 1287 414 1366; x_wconf 81' lang='lat' dir='ltr'>‘per</span> <span class='ocrx_word' id='word_1_96' title='bbox 454 1279 591 1344; x_wconf 88' lang='lat' dir='ltr'>dies</span> <span class='ocrx_word' id='word_1_97' title='bbox 636 1279 878 1364; x_wconf 89' lang='lat' dir='ltr'>aliquot</span> <span class='ocrx_word' id='word_1_98' title='bbox 918 1301 1022 1344; x_wconf 90' lang='lat' dir='ltr'>me</span> <span class='ocrx_word' id='word_1_99' title='bbox 1063 1278 1234 1344; x_wconf 85' lang='lat' dir='ltr'>istud</span> <span class='ocrx_word' id='word_1_100' title='bbox 1293 1302 1375 1344; x_wconf 89' lang='lat' dir='ltr'>ex</span> <span class='ocrx_word' id='word_1_101' title='bbox 1423 1277 1648 1343; x_wconf 91' lang='lat' dir='ltr'>lorare.</span> <span class='ocrx_word' id='word_1_102' title='bbox 1741 1278 1828 1342; x_wconf 88' lang='lat' dir='ltr'>Et</span> <span class='ocrx_word' id='word_1_103' title='bbox 1870 1280 1925 1342; x_wconf 89' lang='lat' dir='ltr'>si</span> <span class='ocrx_word' id='word_1_104' title='bbox 1969 1279 2226 1364; x_wconf 86' lang='lat' dir='ltr'>quidem</span> <span class='ocrx_word' id='word_1_105' title='bbox 2271 1283 2500 1345; x_wconf 90' lang='lat' dir='ltr'>nostris</span> 
     </span>
     <span class='ocr_line' id='line_1_16' title="bbox 264 1361 2502 1449; baseline -0.001 -19"><span class='ocrx_word' id='word_1_106' title='bbox 264 1365 515 1430; x_wconf 88' lang='lat' dir='ltr'>viribus</span> <span class='ocrx_word' id='word_1_107' title='bbox 558 1364 648 1428; x_wconf 91' lang='lat' dir='ltr'>id·</span> <span class='ocrx_word' id='word_1_108' title='bbox 667 1385 787 1449; x_wconf 90' lang='lat' dir='ltr'>par</span> <span class='ocrx_word' id='word_1_109' title='bbox 828 1363 1035 1445; x_wconf 89' lang='lat' dir='ltr'>fuerit,</span> <span class='ocrx_word' id='word_1_110' title='bbox 1078 1361 1304 1448; x_wconf 92' lang='lat' dir='ltr'>procul</span> <span class='ocrx_word' id='word_1_111' title='bbox 1390 1362 1543 1427; x_wconf 92' lang='lat' dir='ltr'>ubio</span> <span class='ocrx_word' id='word_1_112' title='bbox 1600 1385 1718 1448; x_wconf 92' lang='lat' dir='ltr'>per</span> <span class='ocrx_word' id='word_1_113' title='bbox 1773 1362 1894 1426; x_wconf 92' lang='lat' dir='ltr'>hoc</span> <span class='ocrx_word' id='word_1_114' title='bbox 1951 1365 2258 1449; x_wconf 90' lang='lat' dir='ltr'>temporis</span> <span class='ocrx_word' id='word_1_115' title='bbox 2313 1365 2502 1429; x_wconf 91' lang='lat' dir='ltr'>inter-</span> 
     </span>
     <span class='ocr_line' id='line_1_17' title="bbox 265 1445 2500 1533; baseline 0 -21"><span class='ocrx_word' id='word_1_116' title='bbox 265 1445 513 1512; x_wconf 84' lang='lat' dir='ltr'>vallum</span> <span class='ocrx_word' id='word_1_117' title='bbox 558 1446 1152 1533; x_wconf 85' lang='lat' dir='ltr'>contemplabimur.</span> <span class='ocrx_word' id='word_1_118' title='bbox 1216 1447 1323 1512; x_wconf 94' lang='lat' dir='ltr'>Ad</span> <span class='ocrx_word' id='word_1_119' title='bbox 1366 1446 1493 1511; x_wconf 88' lang='lat' dir='ltr'>alia</span> <span class='ocrx_word' id='word_1_120' title='bbox 1535 1447 1789 1511; x_wconf 90' lang='lat' dir='ltr'>interim</span> <span class='ocrx_word' id='word_1_121' title='bbox 1833 1469 1945 1511; x_wconf 86' lang='lat' dir='ltr'>vos</span> <span class='ocrx_word' id='word_1_122' title='bbox 1987 1447 2165 1532; x_wconf 88' lang='lat' dir='ltr'>ipsos</span> <span class='ocrx_word' id='word_1_123' title='bbox 2201 1448 2500 1513; x_wconf 85' lang='lat' dir='ltr'>conferte.</span> 
     </span>
     <span class='ocr_line' id='line_1_18' title="bbox 266 1530 2499 1617; baseline -0 -21"><span class='ocrx_word' id='word_1_124' title='bbox 266 1531 440 1596; x_wconf 88' lang='lat' dir='ltr'>Illud</span> <span class='ocrx_word' id='word_1_125' title='bbox 482 1540 728 1596; x_wconf 87' lang='lat' dir='ltr'>tantum</span> <span class='ocrx_word' id='word_1_126' title='bbox 787 1554 827 1595; x_wconf 91' lang='lat' dir='ltr'>a</span> <span class='ocrx_word' id='word_1_127' title='bbox 880 1530 1065 1595; x_wconf 87' lang='lat' dir='ltr'>vobis</span> <span class='ocrx_word' id='word_1_128' title='bbox 1084 1543 1109 1574; x_wconf 82' lang='lat'><strong>⁰</strong></span> <span class='ocrx_word' id='word_1_129' title='bbox 1162 1531 1562 1617; x_wconf 84' lang='lat' dir='ltr'>expediatur,</span> <span class='ocrx_word' id='word_1_130' title='bbox 1616 1539 1706 1612; x_wconf 93' lang='lat' dir='ltr'>ut,</span> <span class='ocrx_word' id='word_1_131' title='bbox 1761 1531 1815 1594; x_wconf 90' lang='lat' dir='ltr'>si</span> <span class='ocrx_word' id='word_1_132' title='bbox 1872 1552 1912 1593; x_wconf 91' lang='lat' dir='ltr'>a</span> <span class='ocrx_word' id='word_1_133' title='bbox 1965 1531 2108 1596; x_wconf 90' lang='lat' dir='ltr'>Deo</span> <span class='ocrx_word' id='word_1_134' title='bbox 2161 1532 2346 1596; x_wconf 90' lang='lat' dir='ltr'>nobis</span> <span class='ocrx_word' id='word_1_135' title='bbox 2406 1533 2499 1597; x_wconf 91' lang='lat' dir='ltr'>rei</span> 
     </span>
     <span class='ocr_line' id='line_1_19' title="bbox 267 1613 2501 1701; baseline -0 -21"><span class='ocrx_word' id='word_1_136' title='bbox 267 1615 590 1701; x_wconf 88' lang='lat' dir='ltr'>gerendae</span> <span class='ocrx_word' id='word_1_137' title='bbox 676 1637 712 1679; x_wconf 96' lang='lat' dir='ltr'>o</span> <span class='ocrx_word' id='word_1_138' title='bbox 764 1617 1071 1680; x_wconf 87' lang='lat' dir='ltr'>ortunitas</span> <span class='ocrx_word' id='word_1_139' title='bbox 1154 1615 1543 1696; x_wconf 89' lang='lat' dir='ltr'>conferatur,</span> <span class='ocrx_word' id='word_1_140' title='bbox 1628 1614 1800 1700; x_wconf 90' lang='lat' dir='ltr'>apud</span> <span class='ocrx_word' id='word_1_141' title='bbox 1883 1637 1998 1680; x_wconf 88' lang='lat' dir='ltr'>vos</span> <span class='ocrx_word' id='word_1_142' title='bbox 2079 1613 2252 1680; x_wconf 91' lang='lat' dir='ltr'>nulla</span> <span class='ocrx_word' id='word_1_143' title='bbox 2321 1638 2501 1681; x_wconf 90' lang='lat' dir='ltr'>mora</span> 
     </span>
     <span class='ocr_line' id='line_1_20' title="bbox 266 1699 2497 1785; baseline -0 -22"><span class='ocrx_word' id='word_1_144' title='bbox 266 1701 692 1785; x_wconf 87' lang='lat' dir='ltr'>attemptandi</span> <span class='ocrx_word' id='word_1_145' title='bbox 792 1721 955 1785; x_wconf 90' lang='lat' dir='ltr'>opus</span> <span class='ocrx_word' id='word_1_146' title='bbox 996 1700 1342 1766; x_wconf 90' lang='lat' dir='ltr'>habeatur&#39;.</span> <span class='ocrx_word' id='word_1_147' title='bbox 1428 1699 1543 1764; x_wconf 86' lang='lat' dir='ltr'>Sic</span> <span class='ocrx_word' id='word_1_148' title='bbox 1625 1720 1836 1784; x_wconf 92' lang='lat' dir='ltr'>uoque</span> <span class='ocrx_word' id='word_1_149' title='bbox 1873 1720 1914 1762; x_wconf 92' lang='lat' dir='ltr'>a</span> <span class='ocrx_word' id='word_1_150' title='bbox 1944 1721 2084 1764; x_wconf 87' lang='lat' dir='ltr'>sese</span> <span class='ocrx_word' id='word_1_151' title='bbox 2113 1699 2304 1763; x_wconf 92' lang='lat' dir='ltr'>soluti</span> <span class='ocrx_word' id='word_1_152' title='bbox 2333 1711 2497 1764; x_wconf 90' lang='lat' dir='ltr'>sunt.</span> 
     </span>
    </p>

    <p class='ocr_par' dir='ltr' id='par_1_6' title="bbox 442 1720 2498 1881">
     <span class='ocr_line' id='line_1_21' title="bbox 442 1720 2498 1881; baseline 0 -33"><span class='ocrx_word' id='word_1_153' title='bbox 442 1785 499 1848; x_wconf 83' lang='lat'>8.</span> <span class='ocrx_word' id='word_1_154' title='bbox 565 1784 757 1849; x_wconf 90' lang='lat' dir='ltr'>Pater</span> <span class='ocrx_word' id='word_1_155' title='bbox 799 1806 977 1848; x_wconf 90' lang='lat' dir='ltr'>meus</span> <span class='ocrx_word' id='word_1_156' title='bbox 1020 1784 1237 1868; x_wconf 89' lang='lat' dir='ltr'>itaque</span> <span class='ocrx_word' id='word_1_157' title='bbox 1280 1783 1363 1847; x_wconf 88' lang='lat' dir='ltr'>ad</span> <span class='ocrx_word' id='word_1_158' title='bbox 1408 1720 1722 1881; x_wconf 61' lang='lat' dir='ltr'>oppidlum</span> <span class='ocrx_word' id='word_1_159' title='bbox 1777 1782 2094 1880; x_wconf 72' lang='lat' dir='ltr'>predictie</span> <span class='ocrx_word' id='word_1_160' title='bbox 2137 1783 2498 1869; x_wconf 75' lang='lat' dir='ltr'>Ragenerie</span> 
     </span>
    </p>

    <p class='ocr_par' dir='ltr' id='par_1_7' title="bbox 266 1864 2503 2204">
     <span class='ocr_line' id='line_1_22' title="bbox 316 1864 2501 1947; baseline 0.001 -17"><span class='ocrx_word' id='word_1_161' title='bbox 316 1867 445 1930; x_wconf 90' lang='lat' dir='ltr'>uod</span> <span class='ocrx_word' id='word_1_162' title='bbox 490 1868 720 1932; x_wconf 91' lang='lat' dir='ltr'>dicitur</span> <span class='ocrx_word' id='word_1_163' title='bbox 759 1867 981 1930; x_wconf 77' lang='lat' dir='ltr'>Monsf</span> <span class='ocrx_word' id='word_1_164' title='bbox 1022 1865 1525 1947; x_wconf 82' lang='lat' dir='ltr'>Castrati-loc12,</span> <span class='ocrx_word' id='word_1_165' title='bbox 1570 1864 1683 1929; x_wconf 92' lang='lat' dir='ltr'>ubi</span> <span class='ocrx_word' id='word_1_166' title='bbox 1726 1877 1922 1930; x_wconf 85' lang='lat' dir='ltr'>etlam</span> <span class='ocrx_word' id='word_1_167' title='bbox 1963 1888 2130 1930; x_wconf 91' lang='lat' dir='ltr'>uxor</span> <span class='ocrx_word' id='word_1_168' title='bbox 2173 1868 2310 1931; x_wconf 91' lang='lat' dir='ltr'>eius</span> <span class='ocrx_word' id='word_1_169' title='bbox 2354 1890 2501 1932; x_wconf 90' lang='lat' dir='ltr'>cum</span> 
     </span>
     <span class='ocr_line' id='line_1_23' title="bbox 317 1947 2498 2036; baseline 0 -22"><span class='ocrx_word' id='word_1_170' title='bbox 317 1950 525 2016; x_wconf 89' lang='lat' dir='ltr'>uobus</span> <span class='ocrx_word' id='word_1_171' title='bbox 568 1951 717 2015; x_wconf 89' lang='lat' dir='ltr'>filiis</span> <span class='ocrx_word' id='word_1_172' title='bbox 760 1952 977 2035; x_wconf 88' lang='lat' dir='ltr'>parvis</span> <span class='ocrx_word' id='word_1_173' title='bbox 1018 1949 1406 2031; x_wconf 85' lang='lat' dir='ltr'>morabatur,</span> <span class='ocrx_word' id='word_1_174' title='bbox 1454 1947 1769 2033; x_wconf 89' lang='lat' dir='ltr'>quosdam</span> <span class='ocrx_word' id='word_1_175' title='bbox 1811 1969 2094 2030; x_wconf 89' lang='lat' dir='ltr'>suorum,</span> <span class='ocrx_word' id='word_1_176' title='bbox 2154 1971 2316 2034; x_wconf 91' lang='lat' dir='ltr'>quos</span> <span class='ocrx_word' id='word_1_177' title='bbox 2359 1952 2498 2036; x_wconf 88' lang='lat' dir='ltr'>ipse</span> 
     </span>
     <span class='ocr_line' id='line_1_24' title="bbox 266 2029 2503 2116; baseline -0.001 -17"><span class='ocrx_word' id='word_1_178' title='bbox 266 2037 341 2099; x_wconf 88' lang='lat' dir='ltr'>in</span> <span class='ocrx_word' id='word_1_179' title='bbox 370 2034 747 2100; x_wconf 88' lang='lat' dir='ltr'>militaribus</span> <span class='ocrx_word' id='word_1_180' title='bbox 775 2037 1183 2113; x_wconf 80' lang='lat' dir='ltr'>instruxerat,</span> <span class='ocrx_word' id='word_1_181' title='bbox 1228 2033 1463 2115; x_wconf 89' lang='lat' dir='ltr'>dirigit,</span> <span class='ocrx_word' id='word_1_182' title='bbox 1508 2031 1616 2116; x_wconf 91' lang='lat' dir='ltr'>qui</span> <span class='ocrx_word' id='word_1_183' title='bbox 1634 2042 1663 2084; x_wconf 71' lang='lat' dir='ltr'>g</span> <span class='ocrx_word' id='word_1_184' title='bbox 1703 2029 1831 2094; x_wconf 94' lang='lat' dir='ltr'>loci</span> <span class='ocrx_word' id='word_1_185' title='bbox 1872 2030 2313 2096; x_wconf 89' lang='lat' dir='ltr'>habitudinem</span> <span class='ocrx_word' id='word_1_186' title='bbox 2343 2033 2503 2097; x_wconf 91' lang='lat' dir='ltr'>mili-</span> 
     </span>
     <span class='ocr_line' id='line_1_25' title="bbox 266 2114 2501 2204; baseline -0.002 -20"><span class='ocrx_word' id='word_1_187' title='bbox 266 2128 536 2204; x_wconf 89' lang='lat' dir='ltr'>tumque</span> <span class='ocrx_word' id='word_1_188' title='bbox 607 2139 963 2198; x_wconf 89' lang='lat' dir='ltr'>numerum,</span> <span class='ocrx_word' id='word_1_189' title='bbox 1034 2137 1250 2180; x_wconf 92' lang='lat' dir='ltr'>rerum</span> <span class='ocrx_word' id='word_1_190' title='bbox 1322 2117 1516 2179; x_wconf 85' lang='lat' dir='ltr'>etiam</span> <span class='ocrx_word' id='word_1_191' title='bbox 1589 2114 1909 2178; x_wconf 88' lang='lat' dir='ltr'>fortunam</span> <span class='ocrx_word' id='word_1_192' title='bbox 1981 2136 2056 2177; x_wconf 91' lang='lat' dir='ltr'>ac</span> <span class='ocrx_word' id='word_1_193' title='bbox 2117 2114 2501 2180; x_wconf 88' lang='lat' dir='ltr'>famulorum</span> 
     </span>
    </p>
   </div>
   <div class='ocr_carea' id='block_1_5' title="bbox 158 2197 2504 2286">
    <p class='ocr_par' dir='ltr' id='par_1_8' title="bbox 158 2197 2504 2286">
     <span class='ocr_line' id='line_1_26' title="bbox 158 2197 2504 2286; baseline -0.001 -19"><span class='ocrx_word' id='word_1_194' title='bbox 158 2251 165 2255; x_wconf 87' lang='lat'>-</span> <span class='ocrx_word' id='word_1_195' title='bbox 270 2205 521 2268; x_wconf 88' lang='lat' dir='ltr'>exitum</span> <span class='ocrx_word' id='word_1_196' title='bbox 563 2201 829 2286; x_wconf 86' lang='lat' dir='ltr'>vigilum</span> <span class='ocrx_word' id='word_1_197' title='bbox 877 2222 958 2264; x_wconf 91' lang='lat' dir='ltr'>ue</span> <span class='ocrx_word' id='word_1_198' title='bbox 1009 2197 1404 2283; x_wconf 88' lang='lat' dir='ltr'>diligentiam</span> <span class='ocrx_word' id='word_1_199' title='bbox 1451 2197 1815 2262; x_wconf 87' lang='lat' dir='ltr'>cautissime</span> <span class='ocrx_word' id='word_1_200' title='bbox 1854 2199 2272 2263; x_wconf 88' lang='lat' dir='ltr'>considerent.</span> <span class='ocrx_word' id='word_1_201' title='bbox 2352 2200 2504 2264; x_wconf 90' lang='lat' dir='ltr'>Pro-</span> 
     </span>
    </p>
   </div>
   <div class='ocr_carea' id='block_1_6' title="bbox 258 2280 2502 3689">
    <p class='ocr_par' dir='ltr' id='par_1_9' title="bbox 258 2280 2502 3689">
     <span class='ocr_line' id='line_1_27' title="bbox 268 2280 2501 2370; baseline -0.001 -20"><span class='ocrx_word' id='word_1_202' title='bbox 268 2286 507 2350; x_wconf 83' lang='lat' dir='ltr'>cedunt</span> <span class='ocrx_word' id='word_1_203' title='bbox 562 2285 779 2369; x_wconf 89' lang='lat' dir='ltr'>itaque</span> <span class='ocrx_word' id='word_1_204' title='bbox 883 2305 967 2346; x_wconf 93' lang='lat' dir='ltr'>uo</span> <span class='ocrx_word' id='word_1_205' title='bbox 1020 2292 1267 2346; x_wconf 84' lang='lat' dir='ltr'>tantum</span> <span class='ocrx_word' id='word_1_206' title='bbox 1316 2283 1384 2344; x_wconf 93' lang='lat' dir='ltr'>in</span> <span class='ocrx_word' id='word_1_207' title='bbox 1437 2280 1662 2346; x_wconf 89' lang='lat' dir='ltr'>habitu</span> <span class='ocrx_word' id='word_1_208' title='bbox 1765 2283 2101 2366; x_wconf 91' lang='lat' dir='ltr'>aupertino</span> <span class='ocrx_word' id='word_1_209' title='bbox 2156 2304 2232 2346; x_wconf 89' lang='lat' dir='ltr'>ac</span> <span class='ocrx_word' id='word_1_210' title='bbox 2298 2305 2501 2370; x_wconf 90' lang='lat' dir='ltr'>usque</span> 
     </span>
     <span class='ocr_line' id='line_1_28' title="bbox 268 2305 2502 2453; baseline -0.001 -19"><span class='ocrx_word' id='word_1_211' title='bbox 268 2369 359 2434; x_wconf 91' lang='lat' dir='ltr'>ad</span> <span class='ocrx_word' id='word_1_212' title='bbox 403 2367 624 2452; x_wconf 92' lang='lat' dir='ltr'>oppidi</span> <span class='ocrx_word' id='word_1_213' title='bbox 666 2377 917 2452; x_wconf 88' lang='lat' dir='ltr'>portam</span> <span class='ocrx_word' id='word_1_214' title='bbox 962 2365 1325 2433; x_wconf 87' lang='lat' dir='ltr'>deveniunt.</span> <span class='ocrx_word' id='word_1_215' title='bbox 1426 2305 1943 2430; x_wconf 55' lang='lat' dir='ltr'>Exstrueffantur</span> <span class='ocrx_word' id='word_1_216' title='bbox 1983 2376 2137 2431; x_wconf 91' lang='lat' dir='ltr'>tunc</span> <span class='ocrx_word' id='word_1_217' title='bbox 2178 2369 2342 2431; x_wconf 87' lang='lat' dir='ltr'>muri</span> <span class='ocrx_word' id='word_1_218' title='bbox 2385 2390 2502 2453; x_wconf 90' lang='lat' dir='ltr'>per</span> 
     </span>
     <span class='ocr_line' id='line_1_29' title="bbox 268 2447 2500 2538; baseline 0 -24"><span class='ocrx_word' id='word_1_219' title='bbox 268 2451 417 2514; x_wconf 93' lang='lat' dir='ltr'>loca</span> <span class='ocrx_word' id='word_1_220' title='bbox 480 2450 837 2536; x_wconf 88' lang='lat' dir='ltr'>potioribus</span> <span class='ocrx_word' id='word_1_221' title='bbox 901 2450 1231 2514; x_wconf 90' lang='lat' dir='ltr'>aedificiis.</span> <span class='ocrx_word' id='word_1_222' title='bbox 1331 2449 1522 2514; x_wconf 90' lang='lat' dir='ltr'>Unde</span> <span class='ocrx_word' id='word_1_223' title='bbox 1589 2457 1650 2513; x_wconf 92' lang='lat' dir='ltr'>et</span> <span class='ocrx_word' id='word_1_224' title='bbox 1712 2447 1997 2534; x_wconf 88' lang='lat' dir='ltr'>lapidum</span> <span class='ocrx_word' id='word_1_225' title='bbox 2063 2453 2500 2538; x_wconf 90' lang='lat' dir='ltr'>caementique</span> 
     </span>
     <span class='ocr_line' id='line_1_30' title="bbox 264 2531 2502 2660; baseline 0 -62"><span class='ocrx_word' id='word_1_226' title='bbox 264 2534 610 2620; x_wconf 86' lang='lat' dir='ltr'>portitores</span> <span class='ocrx_word' id='word_1_227' title='bbox 641 2557 833 2660; x_wconf 60' lang='lat' dir='ltr'>saepe</span> <span class='ocrx_word' id='word_1_228' title='bbox 872 2557 990 2620; x_wconf 91' lang='lat' dir='ltr'>per</span> <span class='ocrx_word' id='word_1_229' title='bbox 1029 2544 1281 2632; x_wconf 88' lang='lat' dir='ltr'>portam</span> <span class='ocrx_word' id='word_1_230' title='bbox 1321 2556 1355 2598; x_wconf 91' lang='lat' dir='ltr'>e</span> <span class='ocrx_word' id='word_1_231' title='bbox 1438 2531 1814 2598; x_wconf 81' lang='lat' dir='ltr'>ediebantur</span> <span class='ocrx_word' id='word_1_232' title='bbox 1854 2532 2502 2621; x_wconf 84' lang='lat' dir='ltr'>regrediebanturque</span> 
     </span>
     <span class='ocr_line' id='line_1_31' title="bbox 263 2617 2502 2704; baseline 0.001 -23"><span class='ocrx_word' id='word_1_233' title='bbox 263 2628 565 2704; x_wconf 89' lang='lat' dir='ltr'>presente</span> <span class='ocrx_word' id='word_1_234' title='bbox 648 2619 757 2704; x_wconf 91' lang='lat' dir='ltr'>qui</span> <span class='ocrx_word' id='word_1_235' title='bbox 878 2640 1056 2703; x_wconf 80' lang='lat' dir='ltr'>operi</span> <span class='ocrx_word' id='word_1_236' title='bbox 1170 2617 1377 2682; x_wconf 89' lang='lat' dir='ltr'>reside</span> <span class='ocrx_word' id='word_1_237' title='bbox 1424 2627 1507 2682; x_wconf 90' lang='lat' dir='ltr'>at.</span> <span class='ocrx_word' id='word_1_238' title='bbox 1617 2618 1874 2682; x_wconf 90' lang='lat' dir='ltr'>Adsunt</span> <span class='ocrx_word' id='word_1_239' title='bbox 1931 2617 2369 2703; x_wconf 83' lang='lat' dir='ltr'>exploratores</span> <span class='ocrx_word' id='word_1_240' title='bbox 2440 2631 2502 2684; x_wconf 92' lang='lat' dir='ltr'>et</span> 
     </span>
     <span class='ocr_line' id='line_1_32' title="bbox 264 2699 2496 2800; baseline 0 -35"><span class='ocrx_word' id='word_1_241' title='bbox 264 2701 357 2765; x_wconf 93' lang='lat' dir='ltr'>ad</span> <span class='ocrx_word' id='word_1_242' title='bbox 402 2703 932 2788; x_wconf 90' lang='lat' dir='ltr'>comportandum</span> <span class='ocrx_word' id='word_1_243' title='bbox 985 2699 1118 2800; x_wconf 90' lang='lat' dir='ltr'>lapi</span> <span class='ocrx_word' id='word_1_244' title='bbox 1168 2723 1235 2765; x_wconf 89' lang='lat' dir='ltr'>es</span> <span class='ocrx_word' id='word_1_245' title='bbox 1281 2701 1556 2766; x_wconf 88' lang='lat' dir='ltr'>offerunt</span> <span class='ocrx_word' id='word_1_246' title='bbox 1605 2724 1761 2766; x_wconf 89' lang='lat' dir='ltr'>sese.</span> <span class='ocrx_word' id='word_1_247' title='bbox 1849 2701 2264 2800; x_wconf 88' lang='lat' dir='ltr'>Deputantur</span> <span class='ocrx_word' id='word_1_248' title='bbox 2305 2704 2496 2788; x_wconf 89' lang='lat' dir='ltr'>operi.</span> 
     </span>
     <span class='ocr_line' id='line_1_33' title="bbox 262 2782 2500 2872; baseline 0 -22"><span class='ocrx_word' id='word_1_249' title='bbox 262 2785 607 2872; x_wconf 92' lang='lat' dir='ltr'>Daturque</span> <span class='ocrx_word' id='word_1_250' title='bbox 651 2787 742 2850; x_wconf 91' lang='lat' dir='ltr'>eis</span> <span class='ocrx_word' id='word_1_251' title='bbox 787 2782 1117 2850; x_wconf 82' lang='lat' dir='ltr'>clitellaria</span> <span class='ocrx_word' id='word_1_252' title='bbox 1159 2794 1395 2870; x_wconf 89' lang='lat' dir='ltr'>sporta.</span> <span class='ocrx_word' id='word_1_253' title='bbox 1482 2784 1904 2871; x_wconf 84' lang='lat' dir='ltr'>Comportant</span> <span class='ocrx_word' id='word_1_254' title='bbox 1951 2795 2168 2872; x_wconf 82' lang='lat' dir='ltr'>itaque</span> <span class='ocrx_word' id='word_1_255' title='bbox 2213 2807 2500 2852; x_wconf 89' lang='lat' dir='ltr'>caemen-</span> 
     </span>
     <span class='ocr_line' id='line_1_34' title="bbox 260 2868 2496 2955; baseline 0 -20"><span class='ocrx_word' id='word_1_256' title='bbox 260 2880 407 2935; x_wconf 89' lang='lat' dir='ltr'>tum</span> <span class='ocrx_word' id='word_1_257' title='bbox 463 2891 539 2932; x_wconf 91' lang='lat' dir='ltr'>ac</span> <span class='ocrx_word' id='word_1_258' title='bbox 594 2868 839 2955; x_wconf 88' lang='lat' dir='ltr'>lapides</span> <span class='ocrx_word' id='word_1_259' title='bbox 857 2918 873 2952; x_wconf 93' lang='lat'>,</span> <span class='ocrx_word' id='word_1_260' title='bbox 930 2891 1008 2934; x_wconf 89' lang='lat' dir='ltr'>ac</span> <span class='ocrx_word' id='word_1_261' title='bbox 1050 2891 1347 2933; x_wconf 89' lang='lat' dir='ltr'>nummos</span> <span class='ocrx_word' id='word_1_262' title='bbox 1410 2868 1698 2953; x_wconf 88' lang='lat' dir='ltr'>singulos</span> <span class='ocrx_word' id='word_1_263' title='bbox 1756 2869 1990 2955; x_wconf 88' lang='lat' dir='ltr'>singuli</span> <span class='ocrx_word' id='word_1_264' title='bbox 2042 2871 2111 2933; x_wconf 90' lang='lat' dir='ltr'>in</span> <span class='ocrx_word' id='word_1_265' title='bbox 2153 2871 2289 2935; x_wconf 89' lang='lat' dir='ltr'>dies</span> <span class='ocrx_word' id='word_1_266' title='bbox 2333 2873 2496 2935; x_wconf 88' lang='lat' dir='ltr'>acci-</span> 
     </span>
     <span class='ocr_line' id='line_1_35' title="bbox 314 2951 2498 3020; baseline 0 -4"><span class='ocrx_word' id='word_1_267' title='bbox 314 2953 471 3018; x_wconf 90' lang='lat' dir='ltr'>iunt.</span> <span class='ocrx_word' id='word_1_268' title='bbox 566 2952 736 3018; x_wconf 90' lang='lat' dir='ltr'>Ante</span> <span class='ocrx_word' id='word_1_269' title='bbox 793 2952 1116 3017; x_wconf 92' lang='lat' dir='ltr'>dominam</span> <span class='ocrx_word' id='word_1_270' title='bbox 1176 2954 1370 3017; x_wconf 90' lang='lat' dir='ltr'>etiam</span> <span class='ocrx_word' id='word_1_271' title='bbox 1423 2974 1572 3017; x_wconf 91' lang='lat' dir='ltr'>cum</span> <span class='ocrx_word' id='word_1_272' title='bbox 1629 2951 1880 3018; x_wconf 90' lang='lat' dir='ltr'>latomis</span> <span class='ocrx_word' id='word_1_273' title='bbox 1940 2962 2002 3019; x_wconf 89' lang='lat' dir='ltr'>et</span> <span class='ocrx_word' id='word_1_274' title='bbox 2059 2955 2498 3020; x_wconf 87' lang='lat' dir='ltr'>caementariis</span> 
     </span>
     <span class='ocr_line' id='line_1_36' title="bbox 260 2975 2499 3122; baseline 0 -19"><span class='ocrx_word' id='word_1_275' title='bbox 260 2975 369 3103; x_wconf 56' lang='lat' dir='ltr'>fiis</span> <span class='ocrx_word' id='word_1_276' title='bbox 434 3037 628 3102; x_wconf 91' lang='lat' dir='ltr'>cibati</span> <span class='ocrx_word' id='word_1_277' title='bbox 693 3047 859 3119; x_wconf 91' lang='lat' dir='ltr'>sunt,</span> <span class='ocrx_word' id='word_1_278' title='bbox 924 3040 947 3067; x_wconf 84' lang='lat'><strong><em>*</em></strong></span> <span class='ocrx_word' id='word_1_279' title='bbox 964 3039 1213 3102; x_wconf 91' lang='lat' dir='ltr'>curiose</span> <span class='ocrx_word' id='word_1_280' title='bbox 1278 3037 1489 3100; x_wconf 89' lang='lat' dir='ltr'>omnia</span> <span class='ocrx_word' id='word_1_281' title='bbox 1557 3035 2078 3122; x_wconf 68' lang='lat' dir='ltr'>contemplantes</span> <span class='ocrx_word' id='word_1_282' title='bbox 2180 3038 2499 3103; x_wconf 89' lang='lat' dir='ltr'>Dominae</span> 
     </span>
     <span class='ocr_line' id='line_1_37' title="bbox 260 3119 2498 3206; baseline -0 -20"><span class='ocrx_word' id='word_1_283' title='bbox 260 3121 459 3186; x_wconf 89' lang='lat' dir='ltr'>etiam</span> <span class='ocrx_word' id='word_1_284' title='bbox 489 3119 854 3186; x_wconf 84' lang='lat' dir='ltr'>cubiculum</span> <span class='ocrx_word' id='word_1_285' title='bbox 897 3122 1160 3206; x_wconf 89' lang='lat' dir='ltr'>eiusque</span> <span class='ocrx_word' id='word_1_286' title='bbox 1188 3130 1484 3185; x_wconf 88' lang='lat' dir='ltr'>natorum</span> <span class='ocrx_word' id='word_1_287' title='bbox 1529 3119 2000 3204; x_wconf 88' lang='lat' dir='ltr'>diverticulum,</span> <span class='ocrx_word' id='word_1_288' title='bbox 2044 3119 2158 3186; x_wconf 91' lang='lat' dir='ltr'>sed</span> <span class='ocrx_word' id='word_1_289' title='bbox 2188 3130 2251 3186; x_wconf 90' lang='lat' dir='ltr'>et</span> <span class='ocrx_word' id='word_1_290' title='bbox 2298 3121 2498 3185; x_wconf 89' lang='lat' dir='ltr'>famu-</span> 
     </span>
     <span class='ocr_line' id='line_1_38' title="bbox 258 3204 2500 3302; baseline -0.001 -33"><span class='ocrx_word' id='word_1_291' title='bbox 258 3204 472 3270; x_wconf 89' lang='lat' dir='ltr'>lorum</span> <span class='ocrx_word' id='word_1_292' title='bbox 516 3227 843 3290; x_wconf 90' lang='lat' dir='ltr'>egressum</span> <span class='ocrx_word' id='word_1_293' title='bbox 872 3213 937 3268; x_wconf 90' lang='lat' dir='ltr'>et</span> <span class='ocrx_word' id='word_1_294' title='bbox 984 3225 1346 3302; x_wconf 84' lang='lat' dir='ltr'>regressum</span> <span class='ocrx_word' id='word_1_295' title='bbox 1390 3204 1844 3290; x_wconf 89' lang='lat' dir='ltr'>actionumque</span> <span class='ocrx_word' id='word_1_296' title='bbox 1883 3213 2345 3290; x_wconf 88' lang='lat' dir='ltr'>tempestatem,</span> <span class='ocrx_word' id='word_1_297' title='bbox 2387 3206 2500 3271; x_wconf 90' lang='lat' dir='ltr'>ubi</span> 
     </span>
     <span class='ocr_line' id='line_1_39' title="bbox 260 3285 2498 3374; baseline -0 -22"><span class='ocrx_word' id='word_1_298' title='bbox 260 3289 460 3354; x_wconf 86' lang='lat' dir='ltr'>etiam</span> <span class='ocrx_word' id='word_1_299' title='bbox 515 3289 827 3374; x_wconf 90' lang='lat' dir='ltr'>oppidum</span> <span class='ocrx_word' id='word_1_300' title='bbox 887 3285 1133 3350; x_wconf 82' lang='lat' dir='ltr'>insidiis</span> <span class='ocrx_word' id='word_1_301' title='bbox 1190 3288 1399 3372; x_wconf 86' lang='lat' dir='ltr'>magis</span> <span class='ocrx_word' id='word_1_302' title='bbox 1455 3297 1692 3373; x_wconf 89' lang='lat' dir='ltr'>pateat,</span> <span class='ocrx_word' id='word_1_303' title='bbox 1750 3286 1951 3352; x_wconf 89' lang='lat' dir='ltr'>multa</span> <span class='ocrx_word' id='word_1_304' title='bbox 1994 3286 2498 3351; x_wconf 87' lang='lat' dir='ltr'>consideratione</span> 
     </span>
     <span class='ocr_line' id='line_1_40' title="bbox 315 3368 2500 3456; baseline -0.001 -19"><span class='ocrx_word' id='word_1_305' title='bbox 315 3380 624 3437; x_wconf 90' lang='lat' dir='ltr'>ernotant.</span> <span class='ocrx_word' id='word_1_306' title='bbox 708 3372 797 3436; x_wconf 88' lang='lat' dir='ltr'>Et</span> <span class='ocrx_word' id='word_1_307' title='bbox 853 3369 1081 3435; x_wconf 91' lang='lat' dir='ltr'>diebus</span> <span class='ocrx_word' id='word_1_308' title='bbox 1137 3381 1410 3456; x_wconf 91' lang='lat' dir='ltr'>quatuor</span> <span class='ocrx_word' id='word_1_309' title='bbox 1466 3371 1847 3451; x_wconf 90' lang='lat' dir='ltr'>consumtis,</span> <span class='ocrx_word' id='word_1_310' title='bbox 1903 3371 2037 3434; x_wconf 88' lang='lat' dir='ltr'>dies</span> <span class='ocrx_word' id='word_1_311' title='bbox 2093 3368 2500 3435; x_wconf 89' lang='lat' dir='ltr'>imminebati</span> 
     </span>
     <span class='ocr_line' id='line_1_41' title="bbox 259 3395 2500 3540; baseline -0.001 -20"><span class='ocrx_word' id='word_1_312' title='bbox 259 3395 611 3520; x_wconf 61' lang='lat' dir='ltr'>gominiea.</span> <span class='ocrx_word' id='word_1_313' title='bbox 686 3455 922 3540; x_wconf 87' lang='lat' dir='ltr'>Sicque</span> <span class='ocrx_word' id='word_1_314' title='bbox 965 3463 1231 3538; x_wconf 87' lang='lat' dir='ltr'>accepta</span> <span class='ocrx_word' id='word_1_315' title='bbox 1270 3453 1507 3518; x_wconf 87' lang='lat' dir='ltr'>laboris</span> <span class='ocrx_word' id='word_1_316' title='bbox 1552 3453 1846 3518; x_wconf 91' lang='lat' dir='ltr'>mercede</span> <span class='ocrx_word' id='word_1_317' title='bbox 1863 3455 1914 3534; x_wconf 57' lang='grc' dir='ltr'>Β,</span> <span class='ocrx_word' id='word_1_318' title='bbox 1976 3453 2058 3517; x_wconf 92' lang='lat' dir='ltr'>ab</span> <span class='ocrx_word' id='word_1_319' title='bbox 2090 3474 2280 3536; x_wconf 90' lang='lat' dir='ltr'>opere</span> <span class='ocrx_word' id='word_1_320' title='bbox 2311 3450 2500 3518; x_wconf 89' lang='lat' dir='ltr'>soluti</span> 
     </span>
     <span class='ocr_line' id='line_1_42' title="bbox 261 3534 2498 3687; baseline -0.001 -83"><span class='ocrx_word' id='word_1_321' title='bbox 261 3548 432 3687; x_wconf 63' lang='lat' dir='ltr'>supt.</span> <span class='ocrx_word' id='word_1_322' title='bbox 506 3540 798 3604; x_wconf 90' lang='lat' dir='ltr'>Redeunt</span> <span class='ocrx_word' id='word_1_323' title='bbox 841 3537 1056 3623; x_wconf 87' lang='lat' dir='ltr'>igitur,</span> <span class='ocrx_word' id='word_1_324' title='bbox 1102 3535 1399 3601; x_wconf 86' lang='lat' dir='ltr'>omnibus</span> <span class='ocrx_word' id='word_1_325' title='bbox 1443 3534 1809 3621; x_wconf 79' lang='lat' dir='ltr'>exploratiS,</span> <span class='ocrx_word' id='word_1_326' title='bbox 1851 3557 1927 3600; x_wconf 89' lang='lat' dir='ltr'>ac</span> <span class='ocrx_word' id='word_1_327' title='bbox 1970 3537 2137 3622; x_wconf 89' lang='lat' dir='ltr'>patri</span> <span class='ocrx_word' id='word_1_328' title='bbox 2167 3557 2309 3600; x_wconf 92' lang='lat' dir='ltr'>meo</span> <span class='ocrx_word' id='word_1_329' title='bbox 2346 3535 2498 3602; x_wconf 91' lang='lat' dir='ltr'>talia</span> 
     </span>
     <span class='ocr_line' id='line_1_43' title="bbox 258 3631 569 3689; baseline -0.006 -1"><span class='ocrx_word' id='word_1_330' title='bbox 258 3645 336 3688; x_wconf 89' lang='lat' dir='ltr'>re</span> <span class='ocrx_word' id='word_1_331' title='bbox 363 3631 569 3689; x_wconf 91' lang='lat' dir='ltr'>erunt.</span> 
     </span>
    </p>
   </div>
   <div class='ocr_carea' id='block_1_7' title="bbox 258 3745 2498 3978">
    <p class='ocr_par' dir='ltr' id='par_1_10' title="bbox 258 3745 2498 3978">
     <span class='ocr_line' id='line_1_44' title="bbox 388 3745 2498 3800; baseline -0.001 -10"><span class='ocrx_word' id='word_1_332' title='bbox 388 3748 433 3800; x_wconf 75' lang='lat' dir='ltr'>a)</span> <span class='ocrx_word' id='word_1_333' title='bbox 469 3750 739 3790; x_wconf 81' lang='lat' dir='ltr'>crudelitate</span> <span class='ocrx_word' id='word_1_334' title='bbox 775 3751 813 3789; x_wconf 90' lang='lat'>1.</span> <span class='ocrx_word' id='word_1_335' title='bbox 929 3746 978 3799; x_wconf 92' lang='lat' dir='ltr'>b)</span> <span class='ocrx_word' id='word_1_336' title='bbox 1011 3759 1057 3798; x_wconf 88' lang='lat' dir='ltr'>p.</span> <span class='ocrx_word' id='word_1_337' title='bbox 1088 3757 1148 3788; x_wconf 89' lang='lat' dir='ltr'>m.</span> <span class='ocrx_word' id='word_1_338' title='bbox 1212 3746 1300 3785; x_wconf 75' lang='lat' dir='ltr'>iam</span> <span class='ocrx_word' id='word_1_339' title='bbox 1328 3745 1473 3794; x_wconf 74' lang='lat' dir='ltr'>prima</span> <span class='ocrx_word' id='word_1_340' title='bbox 1503 3757 1639 3786; x_wconf 76' lang='lat' dir='ltr'>manu</span> <span class='ocrx_word' id='word_1_341' title='bbox 1669 3747 1734 3786; x_wconf 75' lang='lat' dir='ltr'>hic</span> <span class='ocrx_word' id='word_1_342' title='bbox 1765 3751 1802 3786; x_wconf 74' lang='lat' dir='ltr'>et</span> <span class='ocrx_word' id='word_1_343' title='bbox 1833 3747 1880 3786; x_wconf 79' lang='lat' dir='ltr'>in</span> <span class='ocrx_word' id='word_1_344' title='bbox 1910 3747 2194 3796; x_wconf 69' lang='lat' dir='ltr'>sequentibus.</span> <span class='ocrx_word' id='word_1_345' title='bbox 2315 3746 2357 3799; x_wconf 91' lang='lat' dir='ltr'>c)</span> <span class='ocrx_word' id='word_1_346' title='bbox 2375 3749 2498 3798; x_wconf 75' lang='lat' dir='ltr'>apud</span> 
     </span>
     <span class='ocr_line' id='line_1_45' title="bbox 258 3803 2492 3860; baseline -0.002 -11"><span class='ocrx_word' id='word_1_347' title='bbox 258 3819 349 3850; x_wconf 78' lang='lat' dir='ltr'>vos</span> <span class='ocrx_word' id='word_1_348' title='bbox 380 3811 425 3848; x_wconf 90' lang='lat'>1.</span> <span class='ocrx_word' id='word_1_349' title='bbox 546 3807 593 3860; x_wconf 80' lang='lat' dir='ltr'>d)</span> <span class='ocrx_word' id='word_1_350' title='bbox 625 3809 847 3858; x_wconf 77' lang='lat' dir='ltr'>perficien</span> <span class='ocrx_word' id='word_1_351' title='bbox 876 3807 1059 3846; x_wconf 70' lang='lat' dir='ltr'>scribere</span> <span class='ocrx_word' id='word_1_352' title='bbox 1088 3809 1289 3854; x_wconf 74' lang='lat' dir='ltr'>coeptum.</span> <span class='ocrx_word' id='word_1_353' title='bbox 1412 3803 1455 3854; x_wconf 88' lang='lat' dir='ltr'>e)</span> <span class='ocrx_word' id='word_1_354' title='bbox 1481 3810 1584 3854; x_wconf 71' lang='lat' dir='ltr'>post</span> <span class='ocrx_word' id='word_1_355' title='bbox 1614 3806 1715 3848; x_wconf 81' lang='lat' dir='ltr'>add.</span> <span class='ocrx_word' id='word_1_356' title='bbox 1834 3803 1872 3857; x_wconf 77' lang='lat' dir='ltr'>f)</span> <span class='ocrx_word' id='word_1_357' title='bbox 1905 3807 2074 3858; x_wconf 79' lang='lat' dir='ltr'>monsl,</span> <span class='ocrx_word' id='word_1_358' title='bbox 2106 3817 2254 3846; x_wconf 77' lang='lat' dir='ltr'>errore</span> <span class='ocrx_word' id='word_1_359' title='bbox 2284 3808 2492 3858; x_wconf 70' lang='lat' dir='ltr'>auctoris,</span> 
     </span>
     <span class='ocr_line' id='line_1_46' title="bbox 262 3863 2494 3918; baseline -0.001 -11"><span class='ocrx_word' id='word_1_360' title='bbox 262 3869 346 3918; x_wconf 75' lang='lat' dir='ltr'>qm·</span> <span class='ocrx_word' id='word_1_361' title='bbox 389 3869 482 3908; x_wconf 77' lang='lat' dir='ltr'>alia</span> <span class='ocrx_word' id='word_1_362' title='bbox 527 3868 709 3908; x_wconf 74' lang='lat' dir='ltr'>scribere</span> <span class='ocrx_word' id='word_1_363' title='bbox 754 3866 901 3908; x_wconf 72' lang='lat' dir='ltr'>voluit.</span> <span class='ocrx_word' id='word_1_364' title='bbox 1051 3864 1097 3916; x_wconf 77' lang='lat' dir='ltr'>g)</span> <span class='ocrx_word' id='word_1_365' title='bbox 1140 3875 1183 3914; x_wconf 87' lang='lat' dir='ltr'>q.</span> <span class='ocrx_word' id='word_1_366' title='bbox 1224 3864 1582 3912; x_wconf 73' lang='lat' dir='ltr'>diligentissime</span> <span class='ocrx_word' id='word_1_367' title='bbox 1624 3865 1920 3906; x_wconf 77' lang='lat' dir='ltr'>considerent</span> <span class='ocrx_word' id='word_1_368' title='bbox 1950 3867 1990 3907; x_wconf 90' lang='lat'>1.</span> <span class='ocrx_word' id='word_1_369' title='bbox 2141 3863 2189 3916; x_wconf 87' lang='lat' dir='ltr'>h)</span> <span class='ocrx_word' id='word_1_370' title='bbox 2236 3876 2285 3915; x_wconf 86' lang='lat' dir='ltr'>p.</span> <span class='ocrx_word' id='word_1_371' title='bbox 2335 3876 2494 3906; x_wconf 83' lang='lat' dir='ltr'>eorum</span> 
     </span>
     <span class='ocr_line' id='line_1_47' title="bbox 264 3922 1575 3978; baseline -0.002 -11"><span class='ocrx_word' id='word_1_372' title='bbox 264 3927 459 3968; x_wconf 79' lang='lat' dir='ltr'>custode</span> <span class='ocrx_word' id='word_1_373' title='bbox 494 3928 533 3966; x_wconf 90' lang='lat'>1.</span> <span class='ocrx_word' id='word_1_374' title='bbox 654 3925 690 3978; x_wconf 85' lang='lat' dir='ltr'>i)</span> <span class='ocrx_word' id='word_1_375' title='bbox 723 3927 883 3966; x_wconf 78' lang='lat' dir='ltr'>aderat</span> <span class='ocrx_word' id='word_1_376' title='bbox 914 3927 953 3966; x_wconf 91' lang='lat'>1.</span> <span class='ocrx_word' id='word_1_377' title='bbox 1074 3922 1125 3976; x_wconf 86' lang='lat' dir='ltr'>k)</span> <span class='ocrx_word' id='word_1_378' title='bbox 1159 3923 1311 3972; x_wconf 78' lang='lat' dir='ltr'>operis</span> <span class='ocrx_word' id='word_1_379' title='bbox 1342 3923 1500 3972; x_wconf 79' lang='lat' dir='ltr'>precio</span> <span class='ocrx_word' id='word_1_380' title='bbox 1534 3925 1575 3964; x_wconf 91' lang='lat'>1.</span> 
     </span>
    </p>
   </div>
   <div class='ocr_carea' id='block_1_8' title="bbox 260 4018 2503 4308">
    <p class='ocr_par' dir='ltr' id='par_1_11' title="bbox 260 4018 2503 4308">
     <span class='ocr_line' id='line_1_48' title="bbox 421 4018 2497 4088; baseline -0.001 -16"><span class='ocrx_word' id='word_1_381' title='bbox 421 4019 476 4088; x_wconf 90' lang='lat'>1)</span> <span class='ocrx_word' id='word_1_382' title='bbox 514 4021 875 4074; x_wconf 81' lang='lat' dir='ltr'>Flodoardum</span> <span class='ocrx_word' id='word_1_383' title='bbox 916 4019 1055 4071; x_wconf 82' lang='lat' dir='ltr'>male</span> <span class='ocrx_word' id='word_1_384' title='bbox 1090 4021 1467 4086; x_wconf 83' lang='lat' dir='ltr'>interpretatus</span> <span class='ocrx_word' id='word_1_385' title='bbox 1506 4025 1603 4081; x_wconf 83' lang='lat' dir='ltr'>est,</span> <span class='ocrx_word' id='word_1_386' title='bbox 1639 4021 1729 4086; x_wconf 91' lang='lat' dir='ltr'>qui</span> <span class='ocrx_word' id='word_1_387' title='bbox 1768 4036 1818 4070; x_wconf 85' lang='lat' dir='ltr'>a.</span> <span class='ocrx_word' id='word_1_388' title='bbox 1858 4019 1983 4072; x_wconf 79' lang='lat'>955.</span> <span class='ocrx_word' id='word_1_389' title='bbox 2023 4019 2090 4070; x_wconf 87' lang='lat' dir='ltr'>de</span> <span class='ocrx_word' id='word_1_390' title='bbox 2132 4018 2274 4071; x_wconf 87' lang='lat' dir='ltr'>bello</span> <span class='ocrx_word' id='word_1_391' title='bbox 2314 4025 2497 4070; x_wconf 83' lang='lat' dir='ltr'>contra</span> 
     </span>
     <span class='ocr_line' id='line_1_49' title="bbox 261 4090 2503 4162; baseline -0.001 -15"><span class='ocrx_word' id='word_1_392' title='bbox 261 4094 535 4162; x_wconf 68' lang='lat' dir='ltr'>Ungui-ios</span> <span class='ocrx_word' id='word_1_393' title='bbox 586 4095 654 4146; x_wconf 83' lang='lat' dir='ltr'>ab</span> <span class='ocrx_word' id='word_1_394' title='bbox 705 4096 900 4147; x_wconf 87' lang='lat' dir='ltr'>Ottone</span> <span class='ocrx_word' id='word_1_395' title='bbox 953 4109 1073 4145; x_wconf 88' lang='lat' dir='ltr'>cum</span> <span class='ocrx_word' id='word_1_396' title='bbox 1122 4092 1368 4144; x_wconf 79' lang='lat' dir='ltr'>Burislao</span> <span class='ocrx_word' id='word_1_397' title='bbox 1416 4098 1570 4158; x_wconf 83' lang='lat' dir='ltr'>gesto</span> <span class='ocrx_word' id='word_1_398' title='bbox 1619 4093 1798 4144; x_wconf 83' lang='lat' dir='ltr'>refert.</span> <span class='ocrx_word' id='word_1_399' title='bbox 1918 4090 1975 4160; x_wconf 83' lang='lat'>2)</span> <span class='ocrx_word' id='word_1_400' title='bbox 2013 4093 2169 4145; x_wconf 88' lang='lat' dir='ltr'>Mons</span> <span class='ocrx_word' id='word_1_401' title='bbox 2197 4093 2503 4158; x_wconf 81' lang='lat' dir='ltr'>Castriloci,</span> 
     </span>
     <span class='ocr_line' id='line_1_50' title="bbox 260 4165 2495 4234; baseline -0 -16"><span class='ocrx_word' id='word_1_402' title='bbox 260 4168 440 4232; x_wconf 80' lang='lat' dir='ltr'>Mons,</span> <span class='ocrx_word' id='word_1_403' title='bbox 478 4169 801 4219; x_wconf 82' lang='lat' dir='ltr'>Hannoniae</span> <span class='ocrx_word' id='word_1_404' title='bbox 840 4173 1016 4234; x_wconf 82' lang='lat' dir='ltr'>caput,</span> <span class='ocrx_word' id='word_1_405' title='bbox 1054 4166 1286 4232; x_wconf 82' lang='lat' dir='ltr'>intelligi</span> <span class='ocrx_word' id='word_1_406' title='bbox 1321 4165 1552 4218; x_wconf 78' lang='lat' dir='ltr'>videtur.</span> <span class='ocrx_word' id='word_1_407' title='bbox 1610 4166 1719 4218; x_wconf 82' lang='lat' dir='ltr'>Sed</span> <span class='ocrx_word' id='word_1_408' title='bbox 1755 4165 1914 4219; x_wconf 79' lang='lat' dir='ltr'>Flod.</span> <span class='ocrx_word' id='word_1_409' title='bbox 1951 4165 2290 4218; x_wconf 72' lang='lat' dir='ltr'>munitionem</span> <span class='ocrx_word' id='word_1_410' title='bbox 2327 4181 2495 4232; x_wconf 75' lang='lat' dir='ltr'>quan-</span> 
     </span>
     <span class='ocr_line' id='line_1_51' title="bbox 261 4239 2410 4308; baseline 0 -16"><span class='ocrx_word' id='word_1_411' title='bbox 261 4241 394 4292; x_wconf 81' lang='lat' dir='ltr'>dam</span> <span class='ocrx_word' id='word_1_412' title='bbox 431 4257 592 4308; x_wconf 64' lang='lat' dir='ltr'>super</span> <span class='ocrx_word' id='word_1_413' title='bbox 632 4239 862 4293; x_wconf 57' lang='lat' dir='ltr'>&amp;aarum</span> <span class='ocrx_word' id='word_1_414' title='bbox 884 4240 1116 4307; x_wconf 78' lang='lat' dir='ltr'>fluvium</span> <span class='ocrx_word' id='word_1_415' title='bbox 1155 4255 1273 4291; x_wconf 86' lang='lat' dir='ltr'>cum</span> <span class='ocrx_word' id='word_1_416' title='bbox 1312 4239 1605 4306; x_wconf 79' lang='lat' dir='ltr'>Ragenarii</span> <span class='ocrx_word' id='word_1_417' title='bbox 1641 4239 1932 4293; x_wconf 78' lang='lat' dir='ltr'>infantibus</span> <span class='ocrx_word' id='word_1_418' title='bbox 1973 4246 2184 4308; x_wconf 80' lang='lat' dir='ltr'>captam</span> <span class='ocrx_word' id='word_1_419' title='bbox 2214 4246 2410 4292; x_wconf 84' lang='lat' dir='ltr'>narrat.</span> 
     </span>
    </p>
   </div>
   <div class='ocr_carea' id='block_1_9' title="bbox 2518 459 2623 504">
    <p class='ocr_par' dir='ltr' id='par_1_12' title="bbox 2518 459 2623 504">
     <span class='ocr_line' id='line_1_52' title="bbox 2518 459 2623 504; baseline 0.038 -4"><span class='ocrx_word' id='word_1_420' title='bbox 2518 459 2623 504; x_wconf 79' lang='lat'>956.</span> 
     </span>
    </p>
   </div>
   <div class='ocr_carea' id='block_1_10' title="bbox 2517 3057 2753 3103">
    <p class='ocr_par' dir='ltr' id='par_1_13' title="bbox 2517 3057 2753 3103">
     <span class='ocr_line' id='line_1_53' title="bbox 2517 3057 2753 3103; baseline 0.013 -3"><span class='ocrx_word' id='word_1_421' title='bbox 2517 3057 2532 3075; x_wconf 70' lang='lat'><em>⁶</em></span> <span class='ocrx_word' id='word_1_422' title='bbox 2549 3061 2629 3103; x_wconf 83' lang='lat' dir='ltr'>fol.</span> <span class='ocrx_word' id='word_1_423' title='bbox 2657 3061 2753 3103; x_wconf 69' lang='lat'>32‘.</span> 
     </span>
    </p>
   </div>
  </div>
 </body>
</html>
