3059 4834
562 461 665 505 9⁶2.
685 444 750 500 et
789 433 1345 499 vehementissime
1398 429 1849 513 asserentibus,
1907 432 2082 518 quod
2130 455 2171 496 a
2211 430 2615 497 multitudine
2668 456 2705 497 8
2756 435 2919 499 isco·

442 2383 460 2403 ·
475 2399 522 2439 p.
556 2388 658 2431 618.

553 2723 658 2764 96³.

555 3056 656 3097 964.

553 3388 656 3430 965.

678 268 749 318 92
1193 266 1503 320 RIOHERI
1540 264 2047 317 HISTORIARUM
2084 266 2310 317 LIBER
2344 266 2453 317 111.

684 539 916 605 porum
974 518 1596 598 excommunicatus,
1658 538 1699 579 a
1752 514 1999 579 minore
2060 537 2281 580 eorum
2338 538 2607 581 numero
2666 538 2708 581 a
2756 518 2915 583 solvi

682 624 813 667 non
854 610 1089 686 posset,
1132 600 1511 688 relinquitur
1565 600 1730 665 ratio
1786 597 2139 664 differenda
2188 622 2391 685 usque
2440 600 2523 664 ad
2566 602 2915 688 interroga

680 688 918 750 tionem
962 707 1048 769 pa
1096 706 1172 749 ae
1214 685 1507 748 Romani.

854 768 951 833 17.
1078 790 1151 833 ec
1203 766 1404 831 multo
1467 777 1617 852 post
1674 775 1737 831 et
1793 765 2027 851 legatio
2092 765 2387 851 dirigitur
2447 768 2515 830 in
2582 766 2827 833 Gallias
2876 793 2913 834 a

682 852 916 917 domno
948 851 1230 917 Iohanne
1272 872 1462 950 papa,
1511 851 1623 937 qui
1663 852 1793 913 iam
1824 849 2205 914 succedebat
2234 848 2593 916 Octoviano
2606 862 2654 933 ⁸¹,
2697 852 2910 917 domni

681 935 988 1022 Agapitib
1033 956 1387 1001 81188888οΠ
1403 947 1458 1017 ¹3
1530 956 1840 1015 asserens,
1909 934 2270 1019 predictum
2326 934 2677 1019 Hugonem
2744 936 2907 1001 abdi-

683 1032 919 1101 catum,
961 1028 1094 1083 tam
1139 1018 1362 1083 sinodo
1391 1018 1702 1099 Romana,
1746 1040 1940 1103 quam
1969 1018 2211 1104 Papiae
2240 1020 2606 1103 nuperrime
2636 1019 2855 1085 habita
2868 1032 2905 1103 ²,

683 1105 766 1169 ab
811 1104 1134 1190 episcopis
1174 1101 1398 1167 Italiae
1440 1101 2061 1183 anathematizatum,
2104 1102 2233 1165 nisi
2275 1100 2356 1166 ab
2395 1102 2474 1166 iis
2504 1123 2671 1188 quae
2698 1102 2905 1168 illicite

681 1188 1015 1273 repetebat
1057 1188 1430 1273 quiesceret.
1490 1185 1641 1266 Qua
1680 1183 1997 1270 legatione
2035 1184 2331 1249 omnibus
2372 1187 2683 1261 intimata,
2729 1198 2904 1273 quae-

681 1272 992 1336 rimoniae
1035 1272 1196 1335 ratio
1240 1269 1657 1356 pessumdata
1698 1277 1812 1333 est.
1920 1269 2155 1354 Hugo⁸
2210 1271 2303 1334 ita
2347 1292 2428 1335 ue
2484 1291 2523 1332 a
2562 1270 2761 1335 fratre
2804 1292 2905 1334 suo

681 1356 993 1421 Rotberto
1049 1366 1344 1440 receptus
1363 1402 1380 1437 ,
1433 1354 1636 1417 nimia
1690 1354 2015 1417 anxietate
2073 1355 2241 1418 intra
2341 1355 2435 1419 ies
2492 1354 2905 1439 paucissimos

680 1438 884 1504 Meldi
924 1438 1260 1503 defunctus
1305 1446 1418 1502 est.

789 1566 802 1582 .
854 1522 952 1586 18.
1001 1521 1237 1585 ·Β111110
1309 1523 1527 1607 itaque
1592 1517 2117 1604 metropolitanus
2182 1530 2245 1586 et
2309 1521 2443 1585 dux
2508 1522 2771 1586 cuidam
2833 1545 2905 1588 ex

681 1602 954 1688 collegio
1028 1606 1479 1669 canonicorum
1550 1604 1961 1667 Mettensium
2041 1605 2299 1669 nomine
2372 1603 2675 1671 Odelrico
2746 1607 2905 1692 apud

683 1710 903 1773 regem
932 1685 1324 1773 presulatum
1347 1686 1734 1775 quaerebat.
1823 1686 2016 1767 Quod
2060 1710 2209 1752 cum
2255 1688 2650 1771 obtinuisset,
2698 1711 2903 1754 coram

682 1770 909 1836 adesse
966 1771 1134 1835 facit.
1245 1772 1374 1852 Qui
1429 1771 1529 1835 vir
1585 1769 2041 1853 memorabiliS,
2109 1794 2258 1835 cum
2322 1782 2491 1837 esset
2531 1771 2796 1837 ¹divitiis
2852 1784 2909 1839 et

682 1854 1012 1919 nobilitate
1040 1854 1522 1941 litterarumque
1552 1855 1819 1919 scientia
1846 1854 2009 1919 adeo
2040 1854 2264 1938 clarus,
2307 1877 2391 1920 an
2418 1878 2573 1942 rege
2607 1855 2904 1943 largiente

682 1940 902 2025 episco
951 1947 1131 2003 atum
1197 1940 1367 2003 susci
1417 1961 1521 2004 ere
1577 1937 1828 2021 audeat,
1894 1940 2256 2004 sciscitatur
2272 1950 2316 2003 ³.
2438 1939 2700 2005 Etenim
2763 1951 2904 2006 tunc

681 2032 912 2109 expete
961 2033 1102 2087 atur
1143 2046 1182 2087 a
1226 2044 1354 2110 quo
1401 2044 1506 2085 am
1545 2020 1798 2103 illustri,
1828 2023 1947 2086 cui
1976 2045 2016 2086 a
2045 2021 2206 2087 duce
2235 2022 2545 2087 auxilium
2575 2024 2902 2090 ferebatur.

680 2106 772 2172 At
811 2106 938 2190 ille,
982 2116 1206 2193 utpote
1250 2107 1350 2170 vir
1391 2106 1859 2191 magnanimus,
1906 2107 1961 2169 si
2003 2127 2122 2171 rex
2148 2106 2475 2192 largiatur,
2524 2130 2665 2173 sese
2696 2119 2903 2173 contra

682 2212 904 2255 omnes
948 2200 1012 2255 et
1053 2199 1499 2276 suscepturum
1534 2198 1597 2254 et
1626 2188 2051 2271 defensurum,
2081 2192 2431 2277 respondit.
2497 2192 2692 2272 Quod
2724 2194 2899 2258 etiam

680 2274 947 2339 multam
991 2272 1115 2338 sibi
1160 2274 1339 2337 ducis
1383 2274 1689 2339 invidiam
1735 2275 2149 2359 comparavit.

849 2363 873 2387 '⁴‘
895 2358 992 2427 19.
1059 2356 1453 2423 Ordinatur*
1505 2360 1725 2444 itaque
1782 2359 1889 2421 inc
1933 2356 2200 2421 basilica
2254 2360 2456 2423 sancti
2508 2359 2789 2445 Remigii
2828 2360 2896 2425 ab

679 2464 713 2506 e
761 2443 997 2527 iscopis
1055 2441 1387 2507 Remensis
1441 2451 1645 2507 metro
1696 2439 1811 2506 olis
1870 2442 2282 2523 diocesaneis,
2331 2441 2613 2507 Widone
2671 2444 2900 2508 scilicet

729 2527 1088 2605 uessonicO,
1131 2525 1448 2589 Roricone
1493 2525 1635 2589 Lau
1680 2526 1927 2605 unensi,
1974 2524 2257 2590 Gibuino
2299 2524 2741 2610 Catalaunico,
2782 2528 2895 2592 Ha-

678 2608 854 2674 dulfo
908 2609 1324 2673 Noviomensi
1341 2610 1368 2650 ‘¹
1433 2620 1626 2695 atque
1676 2608 1993 2673 Wicfrido
2036 2609 2442 2673 Virdunensi.
2540 2611 2898 2698 Factusque

679 2690 916 2778 presul,
971 2714 1128 2755 mox
1187 2693 1470 2756 tirannos
1532 2695 1642 2778 qui
1700 2715 1853 2757 suae
1912 2692 2257 2757 aecclesiae
2313 2716 2416 2758 res
2471 2705 2891 2779 pervaserant,

677 2784 750 2838 ut
810 2775 895 2839 ad
957 2775 1475 2839 satisfaciendum
1537 2777 1822 2857 redeant,
1886 2778 2024 2841 iure
2086 2776 2556 2843 aecclesiastico
2616 2780 2893 2845 advocat.

676 2857 894 2945 Atque
911 2870 936 2901 θ
994 2858 1144 2922 inde
1200 2881 1318 2943 per
1370 2867 1500 2924 tres
1569 2858 1818 2924 dierum
1883 2860 2325 2948 quadragenas
2391 2865 2713 2928 concessit
2774 2885 2895 2928 esse

676 2940 1157 3007 consulendum.-

844 3027 947 3090 20.
1013 3024 1327 3090 Evolutof
1348 3048 1502 3090 vero
1532 3036 1840 3113 tempore,
1879 3026 2267 3092 Tetbaldum
2296 3028 2694 3094 Turonicum
2710 3043 2733 3077 ⁵
2764 3052 2893 3095 cum

674 3108 818 3173 aliis
846 3130 1062 3173 rerum
1083 3108 1698 3175 aecclesiasticarum·
1720 3112 2170 3196 pervasoribus
2198 3112 2601 3178 anathemate
2625 3114 2892 3178 damnat.

675 3193 833 3258 Post
886 3213 1018 3256 non
1075 3192 1306 3258 multos
1356 3204 1573 3260 autem
1630 3194 1766 3258 dies
1821 3195 2171 3280 penitentia
2219 3195 2413 3275 ducti,
2457 3196 2543 3261 ad
2583 3198 2888 3284 presulem

675 3277 1060 3342 satisfacturi
1129 3278 1398 3342 redeunt
1467 3286 1660 3365 atque
1728 3300 1831 3343 res
1895 3300 2196 3363 pervasas
2259 3278 2547 3365 legaliter
2608 3282 2890 3347 reddunt.

672 3362 935 3447 Recipit
975 3362 1192 3449 itaque
1229 3362 1503 3427 domnus
1546 3360 1759 3449 presul
1810 3361 1893 3426 ab
1937 3361 2278 3427 Heriberto
2323 3363 2582 3449 quidem
2628 3365 2889 3452 Sparna-

639 3457 860 3510 ·cum⁰
903 3448 1150 3544 vicum·
1177 3445 1560 3545 populosum
1604 3458 1723 3510 acss
1786 3444 2178 3533 opulentum,
2250 3446 2332 3510 ab
2376 3447 2693 3513 Tetbaldo
2751 3470 2891 3515 vero

674 3540 958 3595 castrum
989 3529 1464 3612 Ood1c1acum',
1494 3551 1734 3617 eosque
1755 3540 1779 3575 ⁸
1807 3551 1848 3593 a
1876 3529 2133 3595 vinculo
2162 3530 2581 3597 anathematis
2610 3533 2887 3598 absolvit.
2928 3544 2933 3549 “

790 3653 835 3706 a)
868 3657 931 3695 ita
961 3668 994 3696 c.
1131 3655 1180 3707 b)
1219 3656 1274 3697 A.
1308 3668 1458 3707 papae
1492 3657 1535 3699 1.
1669 3654 1711 3708 c)
1752 3667 1781 3696 a
1811 3662 1849 3695 et
1879 3658 2035 3696 Remis
2067 3658 2252 3696 seribere
2280 3662 2486 3706 coeptum.
2612 3656 2659 3709 d)
2704 3660 2887 3708 aliisque

673 3715 912 3754 nonnuliis
935 3716 1080 3764 pergit
1114 3718 1154 3756 1.
1302 3713 1346 3765 e)
1380 3716 1448 3756 Ac
1482 3717 1520 3755 1.
1666 3713 1703 3766 f)
1737 3726 1847 3765 quae
1876 3720 2119 3766 sequuntur
2151 3736 2201 3747 —-
2238 3717 2446 3758 annectit
2476 3716 2530 3769 (c.
2564 3715 2640 3769 21)
2666 3718 2891 3767 posteriori

671 3776 856 3823 temore
885 3774 934 3813 in
963 3774 1055 3813 loeo
1085 3785 1190 3813 raso
1221 3774 1372 3813 addita
1393 3775 1609 3813 videmur.
1726 3772 1774 3826 g)
1808 3778 1857 3814 at
1888 3776 1926 3813 1.

819 3873 877 3943 1)
915 3877 1066 3927 Tunc
1102 3876 1374 3927 Iohannes
1400 3876 1528 3926 XII.
1558 3876 1736 3927 adhuc
1774 3876 1958 3928 sedem
1986 3877 2349 3945 pontificalem
2375 3880 2613 3932 tenebat.
2730 3877 2787 3946 2)
2811 3881 2887 3931 De

671 3965 778 4016 qua
809 3950 878 3999 cf.
909 3949 1241 4014 Ballerinos,
1270 3949 1512 4001 Ratherii
1546 3950 1649 4016 Op.
1680 3967 1734 4017 p.
1772 3950 1917 4001 CXI.
2050 3948 2109 4017 3)
2160 3952 2317 4002 Haec
2354 3952 2496 4017 apud
2536 3952 2889 4005 Flodoardum

667 4024 864 4075 frustra
902 4039 1148 4089 quaeras.
1297 4023 1352 4085 4)
1396 4022 1457 4073 C.
1499 4024 1585 4072 19.
1628 4023 1716 4074 20.
1774 4023 1883 4075 Sed
1920 4024 2086 4075 verba
2123 4022 2395 4075 Rememis
2418 4024 2718 4092 metropolis
2758 4028 2885 4079 inse-

667 4097 776 4147 ruit
809 4097 984 4147 minus
1021 4101 1185 4157 recte,
1225 4111 1345 4147 cum
1383 4095 1679 4147 Wicfridus
1715 4095 2067 4149 virdunensis
2092 4098 2410 4151 Treverensi
2446 4098 2719 4152 subiectus
2759 4104 2887 4151 esset

669 4168 1174 4235 archiepiscopatui.
1268 4167 1327 4234 5)
1356 4168 1700 4221 Carnotensis
1728 4184 1908 4221 8011188
1926 4170 2042 4221 fuit.
2157 4168 2216 4237 6)
2237 4172 2505 4239 Epernay.
2617 4170 2675 4240 7)
2698 4172 2888 4237 coucy.

667 4240 730 4309 8)
768 4256 1022 4307 quemque
1060 4238 1120 4307 (i.
1161 4257 1209 4292 8.
1248 4238 1593 4307 Tetbaldum)
1630 4241 1789 4296 Flod.
