3059 4834
657 227 662 233 ’
743 259 1050 313 RIoHERI
1086 260 1593 313 ms'roRIARUM
1629 257 1854 310 LIBER
1892 259 1935 312 1.
2428 259 2459 306 9

237 437 515 495 vestram
571 428 837 494 salutem
896 429 963 493 in
1018 427 1135 492 has
1178 449 1280 490 me
1324 427 1613 491 miserias
1669 427 2066 512 precipitavi.
2155 426 2282 490 Pro
2327 447 2458 490 om·
2481 442 2584 484 892.

237 516 414 577 nium
468 513 603 578 vita
658 521 907 578 tantum
970 511 1324 598 periculum
1388 510 1601 575 subire
1664 533 1792 575 non
1856 510 2110 596 expavi.
2200 509 2458 575 Grande

280 597 497 662 uidem
540 605 637 661 est
678 605 930 682 gestum
972 597 1317 681 negotium,
1386 595 1499 660 sed
1542 596 1745 659 maior
1786 604 1880 658 est
1921 594 2161 680 negotii
2183 593 2457 670 “utilitas

236 619 507 767 {legiam
549 683 946 744 maiestatem
987 702 1089 744 me
1118 679 1373 744 laesisse
1405 678 1664 765 quidem
1689 701 1820 743 non
1847 678 2077 761 abnu0,
2123 677 2235 742 sed
2262 678 2463 744 multa

240 763 581 830 commoda
606 766 675 827 in
702 764 979 828 facinore
1012 772 1379 849 comparata
1407 785 1639 828 assero.
1731 761 2219 827 consideretura
2249 772 2460 827 aucto-

236 851 327 914 ris
380 849 648 931 animuS,
708 847 1244 913 animadvertatur
1284 849 1475 912 etiam
1538 848 1788 911 futurab
1852 846 2151 911 facinoris
2203 847 2458 912 utilitas

239 934 592 997 Tirannum
637 940 893 1017 captum
936 940 1141 995 metus
1186 950 1378 996 causa
1428 930 1515 995 ba
1561 933 1823 995 tismum
1866 932 2143 1015 petiisse,
2197 929 2460 1014 adverti,

242 1036 532 1101 eumque,
575 1026 913 1102 postquam
956 1015 1392 1098 dimitteretur,
1452 1038 1496 1101 p
1522 1014 1743 1079 uribus
1786 1014 2032 1078 iniuriis
2074 1015 2283 1078 vicem
2324 1015 2463 1078 red·

244 1099 521 1164 diturum
576 1120 832 1163 suorum
878 1121 957 1163 ue
1014 1109 1292 1186 stragem
1334 1100 1708 1184 gravissime
1750 1098 2047 1163 ulturum.
2133 1099 2212 1162 In
2297 1120 2463 1181 uem,

244 1185 395 1270 quia
436 1183 681 1248 futurae
726 1183 823 1248 cla
894 1206 922 1246 s
968 1205 1160 1248 causa
1200 1185 1376 1248 visus
1420 1193 1544 1266 est,
1598 1183 1835 1248 ferrum
1897 1183 2198 1247 converti.
2351 1202 2464 1246 aec

242 1276 340 1332 est
380 1269 509 1333 mei
563 1268 861 1332 facinoris
920 1287 1130 1331 causa.
1215 1267 1398 1331 Haec
1436 1289 1542 1331 me
1586 1267 1670 1332 ad
1714 1266 1918 1331 scelus
1962 1266 2232 1352 impulit.
2320 1265 2464 1330 Hoc

240 1351 325 1417 ob
368 1353 537 1438 regis
582 1373 966 1437 suorumque
1011 1350 1277 1415 salutem
1319 1353 1564 1437 peregi.
1647 1351 1736 1417 Et
1776 1353 2020 1415 utinam
2077 1360 2278 1415 morte
2322 1373 2466 1415 mea

236 1437 484 1522 patriae
540 1434 801 1500 libertas
862 1455 1201 1534 rerumque
1262 1435 1683 1520 tranquillitas
1747 1436 2244 1521 consequantur!
2335 1434 2464 1500 Sed

238 1521 293 1583 si
339 1519 613 1602 occidor,
659 1519 740 1584 ob
794 1521 965 1605 regis
1023 1527 1495 1606 primatumque
1555 1519 1821 1584 salutem
1881 1520 2125 1584 occisus
2177 1518 2462 1584 videbor.

382 1605 495 1668 itet
557 1606 687 1668 iam
742 1605 1030 1690 quisque,
1096 1625 1179 1668 an
1235 1626 1352 1690 pro
1413 1603 1778 1668 huiusmodi
1820 1602 2112 1668 mercede
2156 1605 2258 1668 eib
2303 1603 2464 1667 mili-

234 1602 346 1752 tCall
390 1709 500 1751 um
544 1688 642 1768 sit,
688 1696 752 1751 et
792 1711 876 1752 an
918 1710 1036 1773 pro
1079 1687 1205 1752 fide
1251 1698 1499 1753 servata
1556 1688 1667 1752 tali
1722 1687 2054 1752 habendus
2073 1700 2097 1730 ⁰
2156 1688 2236 1752 sit
2287 1689 2463 1752 retri-
2580 1781 2605 1800 ὓ

236 1771 515 1837 butione.
601 1771 774 1836 Ecce
819 1774 1049 1858 capitis
1093 1781 1157 1836 et
1184 1773 1460 1858 pectoris
1489 1771 1830 1857 laterisque
1859 1773 2140 1837 recentia
2167 1771 2461 1837 vulnera!

236 1856 467 1920 Patent
530 1856 1006 1942 precedentium
1070 1865 1432 1941 temporum
1501 1857 1824 1920 cicatrices
1896 1855 2292 1942 dispersique
2350 1878 2468 1940 per

235 1939 351 2004 reli
397 1962 481 2005 ua
524 1942 807 2026 corporis
837 1940 1128 2004 membra
1153 1939 1402 2005 livores.
1488 1941 1782 2020 Quorum
1827 1940 2097 2004 assiduis
2142 1939 2464 2005 doloribus

239 2045 313 2088 co
384 2035 561 2088 ectus
578 2025 625 2106 d,
688 2022 848 2087 nihil
905 2034 1052 2110 post
1092 2032 1187 2088 tot
1228 2022 1397 2087 mala
1438 2025 1563 2086 nisi
1607 2033 1875 2086 mortem
1919 2022 2231 2087 malorum
2272 2024 2465 2088 finem

237 2110 580 2194 exspecto'.
667 2108 855 2187 Qua0
902 2108 1349 2192 conquestione
1394 2106 1553 2171 alios
1574 2108 1674 2170 ad
1715 2106 2208 2170 benivolentiam
2250 2107 2463 2189 traxit,

236 2191 396 2256 alios
438 2213 590 2256 vero
635 2191 720 2255 ad
760 2190 1057 2254 lacrimas
1091 2193 1181 2254 im
1230 2190 1365 2258 ulit.
1451 2190 1642 2254 Unde
1672 2199 1736 2254 et
1762 2189 1993 2254 milites
2023 2212 2141 2276 pro
2171 2213 2245 2255 eo
2275 2212 2466 2276 agen-

234 2284 350 2356 teS,
394 2295 615 2360 regem
645 2273 1004 2339 demulcent
1033 2283 1096 2338 et
1124 2297 1163 2338 a
1236 2275 1490 2359 pietatis
1522 2273 1921 2338 clementiam
1966 2273 2265 2358 suadent3
2308 2274 2466 2338 nihil

238 2359 379 2442 regi
415 2357 717 2444 prodesse
746 2367 1114 2441 asserenteS,
1162 2359 1215 2421 si
1245 2379 1503 2422 suorum
1548 2359 1904 2444 *quispiam
1931 2358 2224 2441 intereat3
2266 2359 2462 2424 immo

237 2443 306 2504 in
348 2442 583 2506 tiranni
629 2443 943 2506 occisione
986 2441 1415 2528 gaudendum,
1457 2442 1562 2506 vel
1605 2444 1755 2528 quia
1798 2443 1964 2506 vitae
2016 2443 2199 2507 datus
2254 2445 2351 2525 sit,
2411 2445 2464 2507 si

235 2524 445 2590 fidelis
488 2525 779 2608 decessit,
838 2526 940 2590 vel
985 2528 1135 2612 quia
1176 2527 1312 2590 eius
1364 2527 1632 2590 insidiae
1686 2527 1940 2612 penitus
1992 2526 2352 2610 defecerint,
2409 2529 2462 2592 si

234 2611 304 2673 in
348 2608 493 2674 dolo
539 2609 625 2674 ba
672 2611 932 2674 tismum
991 2612 1357 2694 susceperit.
1444 2610 1696 2692 Quibus
1739 2632 1855 2674 rex
1898 2612 2182 2674 animum
2222 2622 2462 2698 tempe-

233 2715 403 2776 rans,
447 2703 583 2757 tum
652 2703 757 2758 ato
814 2693 1108 2777 barbam,
1163 2696 1473 2780 Ingonem
1516 2696 1586 2757 in
1626 2695 1832 2780 gratia
1874 2697 2156 2759 resumit.
2243 2696 2329 2761 Et
2370 2699 2460 2760 in-

236 2799 429 2864 super
474 2788 749 2842 castrum
795 2778 964 2864 quod
1008 2778 1269 2842 Blesum
1287 2792 1306 2826 1
1346 2777 1581 2843 dicitur
1623 2781 1682 2860 ei
1723 2778 2067 2844 liberaliter
2109 2801 2461 2845 accommo-

231 2861 362 2944 dat,
408 2883 483 2926 eo
530 2862 701 2948 quod
728 2865 786 2926 is
798 2864 926 3010 Iqui
956 2865 1145 2928 castri
1184 2862 1540 2928 custodiam
1577 2862 1813 2949 agebat
1853 2865 1922 2929 in
1961 2863 2128 2928 bello
2172 2866 2460 2949 pyratico

237 2949 485 3010 occisus
530 2955 713 3010 esset.
859 2949 957 3010 ius
1002 2969 1254 3034 quoque
1311 2968 1581 3011 uxorem
1640 2945 2006 3012 derelictam
2063 2947 2229 3011 dono
2282 2951 2461 3033 regio

233 3031 305 3093 in
344 3031 747 3094 matrimonio
776 3030 978 3117 Ingob
1024 3031 1149 3095 sibi
1192 3029 1525 3117 accopulat
1540 3031 1578 3094 f.
1663 3031 1858 3117 Regis
1902 3029 2133 3095 exinde
2177 3052 2253 3119 ac
2293 3033 2463 3117 prin-

236 3115 453 3198 cipum
518 3117 726 3200 gratia
778 3114 1124 3179 admodum
1176 3138 1349 3197 usus,
1462 3137 1721 3200 rospere
1780 3136 1857 3179 ac
1921 3115 2185 3180 feliciter
2251 3117 2464 3179 omnia

2483 2386 2500 2407 ’
2514 2389 2596 2432 fol.
2617 2391 2664 2434 5.

234 3197 517 3283 gerebat.
590 3198 831 3262 Verum
873 3199 943 3262 id
983 3200 1051 3261 in
1094 3199 1292 3265 brevi.
1440 3220 1544 3263 am
1587 3199 1921 3263 vulnerum
1965 3201 2172 3264 sanies
2215 3198 2380 3263 male
2423 3223 2465 3263 a
2576 3255 2591 3272 ,

234 3282 505 3367 cirurgis
549 3291 897 3367 amputata,
958 3303 1101 3346 cum
1145 3283 1262 3348 sub
1304 3284 1573 3347 recutita
1629 3282 1964 3368 superficie
2015 3293 2330 3346 tumorem
2371 3285 2461 3345 in-

231 3367 545 3431 trinsecus
576 3373 961 3466 operaretur,
1004 3367 1203 3430 nimio
1235 3367 1517 3433 humoris
1546 3367 1959 3430 reumatismo
1990 3365 2175 3450 plusb
2204 3365 2460 3429 biennio

229 3458 504 3515 vexatus
521 3460 568 3532 8,
610 3473 679 3513 m
719 3448 954 3513 lectum
997 3449 1251 3515 decidit.
1313 3451 1503 3516 Unde
1548 3458 1611 3514 et
1651 3448 1987 3514 intercluso
2029 3457 2312 3513 reumate
2355 3471 2463 3536 pe-

230 3535 404 3598 nitus
448 3535 764 3598 intumuit.
840 3532 1074 3619 Sicque
1117 3542 1247 3598 toto
1294 3532 1638 3620 erisipilato
1684 3554 1966 3617 corpore,
1994 3533 2194 3597 vitam
2231 3534 2460 3616 amisit,

235 3617 579 3686 Gerlonem
606 3617 808 3681 filium
836 3639 1107 3704 parvum
1138 3619 1540 3704 superstitem
1575 3615 1954 3702 relinquens.
2042 3617 2170 3697 Qui
2198 3616 2280 3682 ab
2310 3640 2464 3704 rege

229 3703 428 3768 tutori
471 3704 865 3785 commissus,
909 3703 1363 3788 patrimonium
1407 3723 1550 3765 cum
1595 3710 1797 3765 matre
1840 3702 2138 3786 possedit.

354 3875 400 3929 a)
434 3887 545 3927 ergo
575 3878 655 3918 del.
744 3873 793 3929 b)
817 3881 919 3926 poet
949 3876 1049 3916 add.
1142 3874 1184 3928 c)
1216 3875 1262 3917 h.
1281 3886 1319 3915 s.
1341 3884 1391 3916 ro
1425 3886 1447 3914 e
1470 3886 1583 3915 corr.
1677 3850 1723 3928 d)
1756 3876 1803 3915 in
1832 3887 1968 3926 mar-9.
2001 3876 2116 3924 add„
2147 3880 2249 3926 post
2279 3887 2300 3916 ο
2327 3887 2462 3927 coron,

228 3939 306 3978 tot
335 3937 472 3976 malis
504 3933 713 3977 confecto
743 3947 857 3977 corr.
889 3939 957 3977 tot
986 3936 1121 3976 mala.
1246 3932 1289 3986 e)
1324 3933 1425 3982 Que
1456 3935 1802 3984 conquestionis
1832 3936 1902 3975 vis
1933 3947 2044 3975 corr.
2077 3935 2132 3984 Q.
2169 3947 2207 3978 e.
2316 3934 2350 3987 f)
2392 3946 2463 3975 co·

232 3997 367 4048 palat
398 3997 441 4038 1.
562 3995 609 4048 g)
641 3998 749 4036 voto
780 3995 859 4039 del.

386 4126 443 4196 1)
482 4127 647 4182 Blois.
