3059 4834
552 279 622 328 84
1062 275 1369 327 RICHERI
1408 274 1916 328 HISTORIARUM
1953 274 2178 326 LIBER
2214 274 2290 329 11.

433 461 535 502 94⁹.
555 465 775 508 omnes
819 444 1086 508 sauciati
1126 465 1291 528 pene
1336 441 1738 523 deficiebant,
1783 462 1931 505 cum
1972 442 2189 527 regiae
2233 439 2523 506 cohortes
2567 437 2745 505 tubis
2763 451 2794 482 ⁸

554 529 865 592 excitatae
930 526 1012 590 ab
1066 525 1303 590 abditis
1358 535 1704 611 erumpunt
1745 524 2072 611 multoque
2115 526 2362 611 impetu
2406 526 2537 589 iam
2580 546 2792 611 prope

293 633 313 656 ·
327 638 410 680 τοι.
444 639 535 680 300.
552 612 739 676 victis
806 610 1190 676 subveniunt
1231 620 1485 695 portam
1530 632 1612 674 ue
1675 609 2002 674 defensam
2056 608 2504 694 ingrediuntur
2556 611 2580 635 *
2593 617 2792 694 atque

552 694 833 760 urbanos
896 695 1160 758 immani
1214 692 1410 758 caede
1470 717 1511 758 a
1557 694 1864 757 oriuntur.
1952 693 2081 773 Qui
2122 714 2279 757 mox
2319 714 2360 756 a
2414 691 2792 757 cohortibus

551 780 709 843 victi
750 799 828 841 ac
872 776 1314 864 comprehensi
1357 786 1523 860 sunt,
1583 787 1799 862 preter
1849 796 2092 862 paucos
2147 778 2257 862 qui
2300 777 2369 840 in
2411 777 2603 842 turris
2644 798 2792 862 pre·

553 863 787 927 sidium
830 883 968 926 sese
1010 870 1409 947 receperunt.

720 945 823 1009 91.
886 944 1252 1010 Ludovicus
1272 957 1289 990 ¹
1344 966 1497 1030 ergo
1551 966 1672 1008 rex
1728 943 1887 1008 urbe
1940 943 2201 1029 potitae,
2245 965 2392 1007 cum
2443 942 2621 1008 nulla
2677 965 2794 1008 ex-

551 1054 637 1178 13.
686 1029 1571 1178 αὲῗὲοῖἰηᾞέῗηεθῖἒαῖῗθ
1625 1027 2790 1197 ἷξιῗέἓῒέαἶῗαὲἓὶξᾝξὲὲῖἒ

552 1220 701 1262 cum
745 1197 1030 1260 exercitu
1071 1195 1399 1260 accelerat.
1486 1194 1578 1259 At
1618 1194 1776 1259 nihil
1815 1196 2052 1259 virium
2083 1217 2343 1260 exerere
2370 1193 2610 1278 valens,
2651 1217 2791 1260 non

553 1283 688 1345 sine
732 1302 978 1345 merore
1022 1279 1106 1343 ad
1150 1302 1265 1343 sua
1306 1278 1490 1343 redit.
1576 1277 1744 1342 Illud
1785 1288 2031 1344 tantum
2075 1279 2299 1344 fecisse
2346 1278 2562 1362 fertur,
2608 1279 2790 1366 quod

553 1367 688 1430 arci
728 1365 948 1454 copias
991 1363 1333 1427 demiserit.

720 1449 825 1512 92.
888 1447 1134 1511 Aderat
1192 1456 1448 1532 tempus
1563 1469 1645 1510 uo
1711 1469 1828 1511 rex
1891 1467 1966 1511 co
2016 1447 2110 1510 ias
2173 1446 2256 1511 ab
2325 1447 2560 1513 Ottone
2629 1468 2786 1531 rege

553 1530 1037 1617 prestolabatur.
1107 1530 1315 1594 Adest
1356 1553 1507 1616 ergo
1518 1469 1920 1594 ‹llhonradus
2006 1553 2098 1594 ux
2140 1552 2288 1594 cum
2330 1531 2619 1595 exercitu
2655 1531 2786 1594 exl’

552 1624 687 1679 tota
728 1612 994 1699 Belgica
1045 1613 1127 1677 ab
1189 1611 1423 1678 Ottone
1477 1636 1630 1700 rege
1682 1615 1934 1678 missus.
2032 1614 2397 1679 Ludovicus
2451 1635 2608 1678 vero
2663 1635 2789 1677 rex

556 1721 705 1763 cum
747 1699 1035 1762 exercitu
1075 1697 1157 1761 de
1198 1695 1465 1783 Belgica
1506 1697 1689 1761 ducis
1704 1710 1729 1740 ⁰
1771 1707 2008 1762 terram
2035 1698 2406 1784 ingreditur.
2493 1697 2787 1761 Primum

553 1804 706 1848 vero
776 1780 1003 1846 urbem
1075 1779 1365 1846 Silletum
1436 1781 1588 1845 adit.
1673 1780 1778 1844 Ibi
1839 1791 2053 1846 autem
2118 1783 2398 1867 primum
2462 1790 2789 1845 certamen

552 1865 789 1930 habere
832 1863 1071 1948 volem,
1113 1865 1574 1950 impedimenta
1615 1887 1905 1952 quaeque
1949 1866 2032 1931 ab
2075 1866 2233 1930 urbe
2276 1875 2548 1930 amovet.
2629 1864 2784 1930 Suc-

554 1950 768 2015 cendit
821 1950 1038 2034 itaque
1081 1947 1459 2014 suburbium
1512 1950 2007 2035 circumquaque
2058 1970 2136 2013 ac
2189 1951 2338 2036 quic
2381 1948 2494 2012 uid
2547 1951 2784 2012 extrin-

554 2056 738 2098 secus
782 2043 1035 2098 exstare
1092 2031 1431 2097 videbatur
1482 2034 1551 2095 in
1604 2031 1951 2117 planiciem
2003 2033 2256 2119 redigit.
2421 2033 2784 2098 bsidionem

554 2118 820 2204 deputat
881 2116 1106 2181 urbem
1154 2139 1234 2180 ue
1299 2115 1671 2181 circumdat.
1787 2117 1992 2181 Gravi
2055 2138 2400 2201 congressu
2462 2118 2784 2202 utrimque

554 2201 927 2266 dimicatum
956 2210 1071 2265 est.
1112 2139 1475 2299 qUtrimque
1504 2222 1701 2286 quam
1717 2201 1744 2242 ἃ
1772 2199 2032 2286 plurimi
2063 2202 2443 2265 sauciantur.
2502 2199 2740 2284 Belgae
2756 2211 2782 2245 ²

553 2308 725 2367 vem,
798 2286 948 2371 quia
1018 2284 1101 2348 ab
1172 2283 1434 2348 urbanis
1504 2285 1775 2347 nimium
1834 2283 2232 2349 arcobalistis
2290 2283 2782 2371 impetebantur,

553 2371 847 2434 resistere
892 2369 1243 2454 quiescunt.
1320 2367 1495 2432 Nihil
1540 2370 1712 2431 enim
1755 2378 1975 2433 contra
2015 2369 2140 2432 nisi
2180 2377 2430 2433 tantum
2459 2377 2784 2432 scutorum

553 2453 871 2518 testudine
915 2452 1273 2517 utebantur.
1360 2451 1554 2516 Unde
1595 2460 1658 2515 et
1698 2452 1876 2538 regio
1902 2453 2084 2516 iussu
2111 2451 2194 2516 ab
2225 2452 2344 2518 ead
2387 2452 2546 2517 urbe
2579 2452 2784 2516 disce-

556 2538 735 2620 dunt,
788 2559 918 2600 non
962 2534 1164 2600 solum
1210 2535 1292 2599 ob
1349 2534 1877 2600 arcobalistarum
1930 2537 2264 2621 impetum,
2318 2557 2545 2600 verum
2589 2537 2784 2600 etiam

555 2621 637 2684 ob
680 2622 953 2684 turrium
994 2617 1411 2705 plurimarum
1453 2619 1944 2683 firmamentum.

721 2703 824 2767 93.
879 2701 1204 2765 Aliorsum
1218 2711 1243 2747 ³
1280 2703 1497 2787 itaque
1536 2702 1657 2765 iter
1684 2710 2051 2787 retorquent
2079 2712 2142 2768 et
2170 2725 2374 2790 usque
2403 2702 2487 2766 ad
2515 2701 2782 2767 fluvium

557 2786 925 2871 Sequanam
968 2785 1274 2882 quicquid
1317 2786 1498 2848 ducis
1549 2786 1759 2848 visum
1814 2794 1911 2849 est
1963 2809 2080 2884 per
2120 2788 2205 2852 40
2246 2785 2519 2850 miliaria
2559 2788 2781 2850 imma-

553 2871 815 2934 nissime
859 2870 1149 2932 insectatl
1191 2877 1355 2932 sunt.
1456 2867 1589 2932 Sed
1643 2890 1790 2932 cum
1842 2868 2074 2934 fluvms
2129 2872 2481 2956 equitatum
2531 2871 2782 2955 regium

553 2953 815 3018 ulterius
859 2951 1255 3038 prohiberet,
1318 2965 1474 3016 rex⁰
1527 2953 1768 3037 gratias
1823 2955 2133 3017 exercitui
2182 2953 2394 3019 reddit
2449 2963 2514 3017 et
2567 2975 2782 3020 secum

551 3058 755 3123 usque
798 3058 925 3122 quo
970 3059 1010 3100 a
1051 3057 1119 3099 se
1164 3035 1600 3100 dividerentur
1625 3035 1891 3101 reducit.
1977 3037 2137 3101 Dux
2150 3047 2175 3082 ⁴
2204 3048 2416 3103 autem
2445 3059 2482 3100 e
2510 3039 2781 3123 vestigio

552 3121 903 3186 exercitum
946 3119 1279 3183 collectum
1321 3121 1389 3182 in
1430 3141 1677 3204 pagum
1722 3118 2177 3185 suessonicum
2219 3121 2496 3186 deducit.

721 3205 825 3269 94.
887 3203 1022 3268 Ubi
1064 3225 1213 3268 cum
1254 3204 1322 3266 in
1362 3224 1583 3288 regem
1632 3215 1985 3286 conaretur,
2040 3203 2606 3270 intervenientibus
2651 3205 2780 3290 epi-

554 3289 766 3374 scopis
821 3287 1103 3354 Widone
1155 3287 1640 3352 Autisidorense
1693 3296 1755 3351 et
1806 3287 2125 3373 Ansegiso
2179 3288 2525 3353 Trecasino
2541 3336 2558 3371 ‚
2620 3289 2780 3351 iure-

553 3371 821 3437 iurando
851 3373 1046 3436 utrim
1090 3394 1172 3436 ue
1201 3380 1484 3457 accepto,
1522 3371 1640 3436 sub
1670 3392 1832 3456 pace
1863 3394 1932 3436 se
1977 3383 2190 3437 uestra
2216 3394 2419 3459 usque
2448 3373 2515 3435 in
2544 3369 2782 3457 pascha

553 3458 715 3522 ratio
756 3478 978 3520 eorum
1017 3393 1215 3520 dilata
1242 3464 1355 3520 est.
1424 3456 1607 3535 Quae
1623 3466 1648 3501 ³
1679 3457 1893 3520 omnia
1953 3455 2082 3520 ulio
2113 3455 2368 3521 mensef
2449 3465 2585 3520 esta
2615 3463 2780 3519 sunt.

320 3546 398 3600 '1’-
432 3549 532 3591 ⁶0⁹·
718 3541 858 3604 *95.
924 3540 1112 3620 Quo⁴
1154 3539 1349 3604 etiam
1388 3547 1521 3603 tem
1573 3561 1680 3604 ore
1724 3538 1986 3603 sinodus
2027 3540 2271 3604 Romae
2312 3539 2398 3604 ha
2444 3541 2534 3604 ita
2577 3548 2676 3603 est
2716 3538 2782 3601 in

553 3621 817 3688 basilica
851 3624 1056 3687 sancti
1083 3624 1257 3688 Petri
1286 3631 1511 3707 aposto
1541 3625 1579 3706 ‘,
1621 3623 1984 3709 presidente
2014 3623 2249 3688 domno
2279 3624 2559 3722 Agapito
2588 3643 2782 3708 papa.

552 3707 629 3771 In
715 3728 799 3771 ua
842 3708 1035 3771 etiam
1092 3707 1232 3791 ipse
1288 3706 1561 3771 domnus
1613 3729 1788 3792 papa
1844 3706 2186 3771 concilium
2238 3715 2556 3772 antenore
2613 3725 2779 3770 anno

553 3728 731 3877 apu‘d
774 3789 1157 3874 Angleheim
1201 3789 1491 3854 habitum
1546 3812 1763 3854 coram
1817 3792 2138 3876 episcopis
2191 3789 2414 3855 Italiae
2456 3787 2780 3854 roboravit

673 3935 717 3986 a)
755 3946 784 3975 a
823 3897 944 3976 tulii·
985 3936 1025 3974 1.
1188 3933 1237 3984 b)
1271 3945 1331 3974 ex
1360 3937 1393 3973 t.
1426 3934 1479 3975 B.
1521 3939 1621 3984 poet
1660 3935 1765 3976 add.
1926 3933 1969 3986 c)
2011 3936 2062 3975 ln
2101 3934 2230 3974 ducis
2271 3935 2312 3975 1.
2463 3933 2510 3986 d)
2549 3939 2654 3983 pou
2681 3932 2781 3972 add.

553 3993 599 4044 e)
633 3995 727 4035 dux
759 3997 801 4035 1.
920 3992 956 4045 f)
984 3993 1166 4041 August
1191 3997 1399 4042 tempore
1433 3994 1475 4034 1.

706 4096 762 4163 1)
803 4097 1097 4163 Sequentia
1136 4112 1201 4147 ex
1237 4095 1394 4148 Flod.
1547 4095 1606 4162 2)
1644 4095 1794 4158 Quae
1820 4102 2113 4162 sequuntur
2149 4095 2303 4148 addit
2339 4097 2618 4148 Richems.
2681 4095 2778 4146 Ar-

558 4170 853 4221 cobalistae
891 4169 995 4220 hoc
1033 4170 1261 4236 primum
1296 4168 1832 4221 loco·memorantur.
1959 4166 2017 4235 3)
2055 4168 2210 4220 Haec
2249 4185 2462 4237 quoque
2503 4169 2782 4220 Richerus.

558 4241 617 4309 4)
656 4242 742 4293 Ad
780 4241 1143 4293 Flodoardum
1181 4241 1339 4293 redit.
