3059 4834
562 267 630 318 68
1074 264 1381 316 RICHERI
1418 262 1923 316 HISTORIARUM
1958 263 2180 314 LIBER
2216 263 2294 313 ΙΙ.

461 461 545 502 946
564 443 853 515 mortem,
906 436 975 496 ni
1028 431 1203 518 quod
1242 429 1463 495 volunt
1504 428 1759 511 efficiat,
1811 430 2316 511 interminantur,
2369 438 2442 492 ut
2497 427 2828 496 videlicet

317 2692 332 2710 ‘
350 2695 431 2736 fol.
454 2695 541 2736 24‘.

561 540 760 584 naves
806 515 1027 581 solvat.
1114 515 1435 579 Pervasus
1478 535 1630 598 ergo
1675 534 1752 577 ac
1795 514 2068 594 territus,
2111 534 2309 577 naves
2354 512 2562 577 solvit.
2631 512 2820 578 Con-

562 603 831 687 silioque
875 601 1052 682 inito,
1110 600 1397 662 vinctum
1452 599 1604 661 navi
1648 597 1974 678 conitiunt,
2032 618 2110 660 ac
2149 618 2345 660 naves
2390 595 2632 681 singuli
2675 599 2824 660 sin-

559 685 743 773 gulas
786 685 872 749 ad
912 684 1061 747 litus
1107 681 1446 746 deducunt.
1533 680 1759 744 Eiecto
1789 701 1943 744 vero
1981 678 2232 766 hospite
2259 681 2474 744 vincto
2489 690 2537 762 ³,
2579 683 2822 745 navim

560 792 755 834 unam
800 789 1020 833 omnes
1078 767 1349 850 ingressi
1419 764 1577 828 alias
1640 773 1935 850 repetunt
1985 785 2062 828 ac
2115 785 2348 828 novem
2401 765 2639 828 iterum
2695 764 2824 831 de-

561 854 822 918 ducunt.
927 851 1274 936 Octiesque
1328 814 1596 913 fluvium
1638 849 1932 930 remensi,
1975 870 2172 914 naves
2226 869 2494 912 numero
2550 848 2633 911 72
2689 849 2818 914 ab-

560 936 900 1001 duxerunt.

731 1019 833 1084 58.
898 1018 1077 1081 Dum
1121 1017 1280 1081 haec
1320 1024 1708 1100 gererentur,
1751 1037 1978 1100 regum
2023 1017 2340 1081 exercitus
2384 1016 2454 1078 in
2495 1016 2642 1100 ipsa
2671 1016 2810 1083 diei

565 1104 824 1169 orientis
894 1123 1123 1167 aurora
1191 1100 1384 1164 fluvio
1443 1099 1627 1163 affuit
1687 1120 2010 1185 navesque
2075 1109 2333 1184 paratas
2399 1119 2545 1162 cum
2602 1101 2812 1166 remis

562 1189 823 1269 invenit,
883 1207 1042 1272 quas
1099 1186 1335 1248 tirones
1377 1206 1525 1247 cum
1582 1185 1775 1247 armis
1828 1184 2118 1267 ingressi,
2173 1183 2486 1266 navigant
2527 1204 2604 1246 ac
2647 1207 2808 1249 exa-

610 1282 859 1336 uantur.
957 1268 1126 1332 Tum
1180 1270 1680 1353 circumquaque
1730 1265 2038 1352 palanteS‚
2089 1266 2262 1330 nullo
2368 1266 2703 1332 rohibente
2766 1292 2809 1332 a

614 1355 835 1420 'versis
878 1351 1169 1438 portibus
1212 1351 1369 1416 alias
1398 1353 1658 1436 rapiunt
1700 1359 1762 1414 et
1799 1349 2182 1415 exercitibus
2213 1349 2293 1414 de
2339 1360 2554 1415 ucunt.
2628 1352 2806 1416 Nam

566 1439 678 1526 qui
718 1438 852 1501 ruri
895 1434 1231 1534 degebant,
1274 1436 1652 1498 irruentium
1693 1443 1867 1498 metu
1895 1456 2114 1498 omnes
2145 1433 2565 1519 auffugerant.
2638 1436 2810 1499 Dux

564 1543 717 1586 vero
780 1518 1141 1584 Aurehanis
1206 1540 1344 1582 sese
1408 1527 1754 1603 receperat.
1861 1517 2049 1582 Unde
2122 1527 2185 1582 et
2256 1520 2368 1604 qui
2429 1519 2807 1584 resisteretb

565 1606 805 1669 aberat.
889 1600 1179 1666 Navibus
1221 1604 1438 1686 itaque
1482 1603 1746 1664 conexis
1787 1623 1864 1666 ac
1907 1599 2106 1664 multo
2149 1601 2379 1665 robore
2420 1605 2808 1688 compactiS,

564 1687 850 1751 liburnas
893 1684 1185 1750 solidant.
1274 1685 1451 1765 Quas
1493 1686 1818 1784 ingressus
1862 1687 2198 1767 exercitus,
2245 1685 2513 1750 fluvium
2547 1688 2804 1752 transit.

564 1771 739 1835 Dein
781 1780 951 1835 terra
999 1769 1260 1854 recepti,
1317 1767 1632 1832 incendiis
1683 1768 2026 1854 predisque
2069 1769 2552 1834 vehementibus
2593 1780 2809 1834 totam

563 1856 893 1940 regionem
933 1875 1136 1939 usque
1166 1853 1446 1937 Ligerim
1492 1852 1572 1916 de
1622 1851 1861 1939 opulati
1903 1862 2068 1916 sunt.
2133 1854 2288 1917 Post
2313 1855 2474 1917 haec
2508 1853 2810 1920 feruntur

564 1941 634 2002 in
676 1947 913 2003 terram
954 1947 1327 2022 pyratarum
1384 1957 1461 2000 ac
1516 1957 1587 1999 so
1615 1947 1836 2001 otenus
1893 1935 2244 2000 devastant.
2335 1937 2571 2023 Sicque
2623 1939 2808 2024 regis

564 2023 864 2086 iniuriam
925 2021 1225 2085 atrociter
1277 2018 1408 2102 ulti,
1473 2022 1594 2084 iter
1651 2019 1734 2085 ad
1793 2042 1908 2083 sua
1957 2028 2340 2106 retorquent.
2427 2021 2808 2087 Ludovicus

565 2128 715 2171 vero
758 2129 875 2170 rex
910 2105 1147 2168 Remos
1189 2103 1370 2168 redit.

636 2225 739 2290 59.
807 2225 1097 2306 Qualiter
1138 2222 1458 2288 Deroldus
1502 2247 1543 2288 a
1588 2223 1866 2309 quodam
1884 2233 1908 2264 ‘⁵
1951 2224 2198 2288 medico
2242 2225 2547 2310 deceptus
2565 2237 2590 2268 ⁰
2635 2228 2723 2290 sit

1341 2329 1616 2393 eumque
1661 2305 2038 2391 deceperitc.

734 2411 878 2492 Quo
944 2420 1232 2495 tempore
1302 2409 1836 2474 Ambianensium
1910 2411 2252 2507 episcopus
2320 2409 2646 2476 Deroldus
2712 2413 2801 2478 ab

560 2497 682 2560 hac
720 2497 856 2560 vita
897 2495 1173 2559 decessit
1192 2507 1233 2575 ¹,
1283 2494 1385 2558 vir
1425 2491 1791 2578 spectabilis
1843 2513 1920 2555 ac
1961 2492 2278 2578 palatmus
2321 2503 2385 2557 et
2428 2495 2804 2581 quondam³

562 2589 626 2642 et
678 2580 814 2663 regi
872 2577 1221 2641 admodum
1280 2576 1568 2652 dilectus,
1598 2577 1694 2649 *in
1749 2584 1886 2640 arte
1939 2576 2294 2641 medicinae
2345 2581 2800 2677 peritissimus.

558 2662 663 2725 De
708 2683 834 2747 quo
878 2662 1071 2724 etiam
1112 2661 1329 2742 fertur,
1374 2659 1566 2745 quod,
1613 2680 1758 2722 cum
1802 2659 2012 2724 adhuc
2055 2662 2121 2724 in
2166 2660 2404 2746 palatlo
2449 2666 2473 2690 *
2489 2665 2630 2748 regi
2665 2687 2800 2729 ser-

557 2746 754 2826 viret,
812 2766 852 2807 a
909 2742 1188 2830 quodam
1248 2741 1645 2808 Salernitano
1704 2742 1952 2807 medico
2014 2743 2320 2830 deceptus
2385 2747 2467 2810 sit
2516 2769 2801 2834 eumque

558 2828 901 2914 deceperit.
988 2826 1245 2891 Etenim
1303 2847 1449 2889 cum
1502 2837 1769 2912 uterque
1822 2829 1891 2890 in
1949 2836 2083 2892 arte
2139 2828 2495 2895 medicinae
2547 2834 2799 2917 optime

556 2920 794 2997 posset,
853 2919 917 2974 et
971 2911 1091 2974 iste
1133 2911 1271 2994 regi
1312 2912 1544 2996 potior,
1605 2910 2041 2976 Salernitanus
2084 2934 2237 2976 vero
2279 2915 2582 3000 reginae*
2624 2919 2799 3001 peri-

555 2997 681 3060 tior
738 2993 1083 3074 videretur,
1143 3004 1502 3058 commento
1557 2997 1727 3078 regis
1783 3005 2109 3080 repertum
2174 3005 2289 3080 est,
2357 2999 2500 3084 quis
2565 3021 2798 3066 eorum

557 3079 813 3143 rerumd
866 3087 1125 3141 naturas
1178 3079 1384 3176 magis
1444 3079 1819 3143 dinosceret.
1906 3079 2105 3144 Iussit
2161 3081 2396 3144 etenim
2457 3103 2676 3147 coram
2719 3108 2796 3152 se

556 3159 699 3225 illos
742 3159 1088 3225 consedere
1132 3181 1455 3244 convlvaS,
1523 3183 1785 3225 causam
1826 3163 1922 3226 rei
1963 3164 2216 3248 penitus
2261 3163 2669 3232 dissimulans
2713 3191 2798 3234 ac

558 3267 624 3309 se
676 3268 710 3309 e
752 3247 844 3309 eis
889 3245 1251 3331 questiones
1292 3267 1674 3330 proponens.
1762 3246 1923 3327 Quis
1969 3267 2050 3312 ue
2080 3255 2151 3310 ut
2179 3256 2429 3333 poterat
2456 3253 2798 3348 proposita

558 3351 628 3394 so
654 3329 864 3394 vebat.
950 3327 1271 3393 Deroldus
1289 3340 1314 3370 ⁰
1360 3327 1638 3415 quidem,
1703 3338 1924 3414 utpote
1990 3331 2318 3396 itterarum
2361 3336 2605 3399 artibus
2648 3359 2796 3401 eru-

557 3412 745 3496 ditus,
788 3411 1202 3513 probabiliter
1230 3411 1479 3477 obiecta
1506 3412 1880 3477 diffiniebat.
1927 3413 2363 3480 Salernitanus
2392 3440 2565 3501 vern,
2594 3419 2751 3486 licet
2767 3431 2798 3464 ἃ

554 3497 730 3561 nulla
769 3498 1121 3562 litterarum
1165 3498 1432 3561 scientia
1472 3497 1778 3581 preditus,
1832 3505 2047 3562 tamen
2088 3519 2174 3561 ex
2215 3500 2475 3585 ingenio
2519 3514 2796 3570 naturae

556 3579 821 3644 multam
863 3582 931 3643 in
972 3578 1165 3644 rebus
1209 3582 1672 3666 experientiam
1715 3579 2012 3645 habebat.
2097 3582 2300 3668 Regio
2343 3586 2563 3672 itaque
2604 3589 2796 3654 iussu

556 3661 791 3727 cotidie
843 3662 1194 3744 consident,
1252 3685 1329 3727 ac
1382 3686 1607 3728 mensa
1660 3665 1840 3750 regia
1897 3665 2192 3729 continue
2250 3689 2381 3732 una
2436 3671 2794 3754 potiuntur.

555 3745 643 3810 Et
683 3745 788 3810 die
832 3745 1112 3831 quadam
1154 3747 1233 3811 de
1277 3747 1771 3812 dinamidiarum
1813 3747 2186 3812 differentiis
2229 3750 2628 3838 disputatum
2659 3765 2792 3841 est3

702 3907 746 3974 ¹⁸)
785 3909 1129 3960 Frederunae
1168 3909 1295 3960 add.
1338 3911 1387 3959 1.

674 4051 719 4102 a)
755 4058 855 4101 poet
887 4054 986 4093 add.
1148 4052 1196 4105 b)
1231 4055 1464 4095 resistet-at
1497 4057 1538 4094 1.
1689 4051 1731 4104 c)
1773 4065 1834 4106 m,
1869 4058 2016 4108 eptas,
2047 4058 2196 4106 operit
2223 4058 2338 4102 abeo.
2504 4060 2552 4113 d)
2584 4063 2638 4105 in
2669 4075 2708 4108 r.
2745 4068 2795 4106 1.

556 4107 601 4158 e)
633 4111 691 4150 D.
726 4123 769 4158 q.
802 4113 850 4150 in
880 4123 1016 4162 maru.

707 4229 757 4292 1)
796 4227 1134 4282 Flodoardus
1173 4238 1396 4284 mortem
1434 4232 1661 4286 Deroldi
1697 4237 1905 4285 tantum
1941 4234 2120 4288 refert.
