3059 4834
725 305 1034 358 RICHERI
1071 305 1574 358 HISTORIARUM
1611 306 1832 358 LIBER
1871 307 1915 358 1.
2406 309 2439 358 3

946 476 1008 539 3.
1093 475 1306 538 Mores
1353 472 1701 538 Gallorum.

385 575 692 642 Omnium
737 598 890 662 ergo
938 574 1290 640 Galliarum
1346 575 1567 676 populi
1610 576 1866 640 innataa
1908 575 2204 641 audatiaa
2245 574 2439 662 pluri-

219 683 392 725 mum
457 660 832 743 efferuntur,
903 659 1360 725 calumniarum
1429 660 1851 745 impatientes.
1938 660 2011 726 Si
2079 661 2437 740 incitantur,

220 744 479 810 cedibus
511 744 818 826 exultant,
864 744 1234 830 efferatique
1276 744 1717 809 inclementius
1748 744 2137 810 adoriuntur.
2226 743 2438 810 Semel

263 850 593 894 ersuasum
621 849 698 892 ac
725 829 1074 894 rationibus
1103 828 1527 914 approbatum
1572 830 1686 894 vix
1727 827 2007 894 'refellere
2038 838 2439 894 consuerunt.

279 912 406 976 nde
461 921 525 977 et
573 911 1054 978 Hieronimus¹:
1121 913 1328 995 ‘Sola',
1383 914 1591 998 inquit
1602 915 1650 996 ¹³,
1710 911 1941 977 ‘Gallia
1992 924 2273 984 monstra
2313 934 2443 977 non

215 995 455 1078 habuit,
486 995 599 1060 sed
625 997 780 1088 viris
808 996 1224 1082 prudentibus
1255 1005 1318 1062 et
1345 996 1875 1082 eloquentissimis
1905 1019 2153 1096 semper
2182 995 2441 1061 claruit'.

218 1082 480 1146 Praeter
516 1079 676 1160 haec
716 1085 1003 1168 *quoque
1046 1081 1286 1169 Belgae
1329 1081 1520 1149 rebus
1565 1081 1979 1168 disponendis
2035 1082 2571 1166 1nsigniores,·fo1.
2598 1098 2641 1139 2·

217 1165 446 1230 robore
489 1174 680 1250 atque
723 1165 980 1229 audatia
1021 1188 1149 1230 non
1191 1167 1488 1251 impares
1572 1166 1859 1229 Maxima
1904 1186 2191 1252 quaeque
2233 1187 2299 1228 m
2386 1166 2436 1229 's

217 1250 472 1336 ingenio
504 1271 695 1335 quam
722 1248 962 1314 viribus
993 1272 1030 1313 a
1077 1259 1303 1335 petunt
1317 1262 1360 1313 ⁰.
1446 1250 1535 1313 Et
1578 1250 1632 1314 si
1674 1251 1740 1312 in
1786 1251 1928 1314 enio
1970 1251 2039 1312 in
2066 1258 2343 1336 appeten
2387 1250 2442 1313 is

218 1343 563 1415 cassantur,
627 1330 873 1398 viribus
931 1355 1015 1397 au
1061 1344 1238 1400 acter
1291 1343 1573 1398 utuntur.
1662 1333 1739 1398 Oi
1783 1335 1806 1396 i
1870 1335 2063 1399 etiam
2126 1342 2441 1419 potusque

216 1418 376 1483 adeo
420 1417 620 1504 parci.
709 1416 926 1482 Celtae
983 1439 1134 1483 vero
1187 1440 1265 1482 ac
1308 1416 1617 1503 Aquitani
1671 1416 1933 1482 consilio
1990 1416 2177 1481 simul
2230 1427 2294 1482 et
2335 1438 2441 1481 au-

214 1502 387 1568 datia
450 1500 727 1588 plurimi.
813 1501 1030 1566 Rebus
1096 1500 1412 1567 seditiosis
1476 1501 1797 1566 commodi
1814 1503 1861 1570 d.
1949 1499 2165 1566 Celtae
2228 1510 2443 1565 tamen

212 1587 420 1672 magis
465 1586 754 1674 providi„
811 1585 1119 1672 Aquitani
1157 1607 1311 1651 vero
1363 1586 1709 1671 precipites
1752 1596 2028 1672 aguntur
2068 1584 2437 1671 plurimum-

213 1692 335 1756 que
369 1669 446 1735 'in
490 1667 778 1734 ciborum
820 1671 1156 1757 rapiuntur
1197 1671 1607 1756 appetitum„
1661 1670 1851 1750 Quod
1882 1670 1975 1734 sic
2004 1678 2100 1734 est
2129 1670 2220 1734 eis
2262 1670 2438 1732 inna-

211 1764 366 1836 tum,
411 1762 483 1818 ut
522 1763 736 1839 preter
787 1764 1082 1819 naturam
1137 1775 1268 1819 non
1317 1762 1642 1840 appetant.
1730 1753 1902 1818 Hinc
1942 1765 2005 1820 et
2036 1753 2357 1839 Sulpicius
2377 1765 2433 1816 ²:

213 1838 568 1920 ‘Edacitas',
629 1838 834 1926 inquit
848 1839 895 1915 Β,
964 1839 1053 1902 ‘in
1107 1837 1336 1904 Grecis
1403 1838 1555 1925 gula
1608 1846 1720 1921 est,
1785 1839 1852 1902 in
1904 1837 2104 1903 Gallis
2168 1841 2437 1902 natura'.

211 1922 396 1987 Hos*
441 1943 659 1986 omnes
703 1921 994 2008 populos,
1051 1924 1208 1987 etsie
1253 1933 1479 2013 natura
1519 1923 1785 2004 feroceS,
1830 1920 1944 1987 ¹'ab
1988 1924 2249 2021 antiquo
2307 1923 2438 1986 fere

208 2018 366 2092 per&
409 2007 627 2089 omnia*
650 2027 954 2092 prospere
984 2009 1214 2091 egisse,
1259 2015 1320 2072 et
1348 2007 1539 2071 cum¹³¹
1568 2006 1807 2131 pagani
1833 2011 2063 2087 essent,
2104 2005 2438 2070 historiaei

209 2091 486 2155 tradunt.
571 2091 731 2154 Post
770 2111 922 2154 vero
967 2111 1007 2152 a
1053 2089 1294 2177 [sancto
1352 2090 1536 2154 Remi
1586 2091 1648 2153 io
1698 2090 1719 2178 ]
1751 2087 2077 2176 baptizati,
2122 2089 2439 2174 adprime¹

210 2173 445 2239 claram
491 2195 746 2259 semper
785 2173 1060 2237 victoria
1101 2174 1479 2238 emicuisse¹¹
1548 2185 1824 2238 eruntur.
1911 2173 2240 2253 Quorum⁰
2286 2194 2437 2259 quo-

210 2280 334 2345 que
363 2257 610 2343 primus
639 2278 757 2320 rex
787 2256 1164 2322 christianus
1198 2255 1557 2322 Clodoveus
1585 2255 1780 2320 fuisse
1808 2255 2163 2321 traditur**.
2217 2254 2280 2320 A
2353 2278 2436 2319 uo

125 2422 130 2426 ι
205 2363 326 2427 per
367 2339 776 2404 succedentia
817 2349 1106 2425 tempora
1145 2340 1675 2425 imperatoribusl‘
1720 2341 1997 2425 egregiis
2038 2363 2138 2406 res
2181 2339 2313 2427 pub
2365 2361 2439 2404 ca

209 2423 568 2509 gubernata
607 2423 805 2488 fuisse
849 2423 1217 2507 dinoscitur,
1263 2445 1465 2510 usque
1507 2423 1947 2508 ad'Karolum,
1989 2448 2029 2489 a
2075 2447 2201 2510 quo
2243 2424 2436 2489 histo-

207 2509 343 2573 riae
387 2529 711 2572 sumemus
752 2508 1022 2572 initium.

204 2628 265 2692 4.
355 2626 548 2708 Quod
602 2628 684 2692 ob
742 2617 1074 2694 infantiam
1134 2636 1198 2692 et
1238 2627 1599 2714 principum
1641 2628 2078 2695 dissidentiam
2096 2641 2125 2682 ‘1
2167 2638 2430 2715 pyratae

625 2779 628 2786 ,
951 2711 1236 2792 Gallias‘l
1279 2713 1623 2798 irruperint
1640 2726 1687 2780 ιΙ.
2064 2769 2071 2778 ,

371 2813 500 2880 Hic
543 2825 790 2901 patrem
831 2813 1056 2881 habuit
1092 2813 1599 2883 Karlomannum
1615 2817 1705 2851 ***
1733 2838 1952 2901 regem
1968 2827 2015 2898 ³,
2058 2836 2250 2880 avum
2279 2837 2432 2880 vero

249 2909 542 2964 aternum
583 2898 983 2964 Ludovicum
1042 2908 1464 2984 cognomento
1505 2898 1801 2983 Balbum,
1864 2901 2139 2966 abavum
2154 2912 2177 2940 f
2220 2908 2433 2964 autem

202 2921 516 3048 karolum
560 2981 847 3066 Calvum,
895 2982 1358 3048 Germanorum
1387 2995 1579 3070 atque
1606 2982 1943 3048 -Gallorum
1984 2985 2071 3047 im
2122 2993 2432 3048 eratorem

205 3067 554 3152 egregium.
649 3067 912 3131 Biennis
971 3068 1180 3132 adhuc
1283 3077 1484 3137 atrem
1542 3069 1785 3151 amisit3
1850 3078 2051 3133 matre
2150 3068 2262 3132 vix
2317 3089 2433 3152 per

205 3150 692 3238 quadriennium
721 3153 1081 3237 superstite.
1169 3150 1226 3216 Ο
1306 3152 1485 3240 cuius
1513 3151 1845 3216 infantiam
1859 3161 1887 3197 ⁴
1917 3174 2063 3216 cum
2092 3172 2429 3237 regnorum

351 3274 400 3342 *)
439 3276 554 3328 Hos
595 3304 661 3314 —
704 3277 1020 3330 christianus
1057 3277 1116 3328 in
1153 3296 1320 3346 maa-9.
1359 3281 1410 3331 2.
1507 3315 1513 3328 .

329 3347 402 3417 1Μ’)
441 3351 522 3401 vir
558 3351 735 3402 audax
773 3357 828 3403 et
864 3356 1106 3403 strenuus
1147 3358 1200 3404 et
1237 3369 1341 3418 quo
1377 3352 1557 3404 nullus
1606 3357 1728 3418 post
1777 3362 1897 3402 eum
1935 3353 2133 3417 pietate
2172 3349 2433 3416 bellisque

443 3439 694 3490 umquam
731 3426 904 3490 magis
943 3425 1133 3475 enituit
1169 3426 1298 3477 add.
1336 3426 1472 3477 Eklo.

302 3495 400 3564 ***)
439 3498 591 3548 Karl.
630 3525 700 3536 -—-
739 3497 949 3550 Ludov.
989 3497 1048 3548 in
1085 3497 1194 3550 loco
1231 3515 1356 3551 raso
1395 3500 1446 3549 2.

349 3567 403 3637 †)
441 3588 514 3623 m.
551 3571 712 3652 paulo
753 3577 876 3623 ante
916 3573 1114 3622 amissa
1157 3573 1204 3621 1.

321 3686 369 3740 a)
401 3700 423 3728 e
453 3699 567 3731 corr.
685 3688 733 3740 b)
765 3695 862 3740 post
892 3691 992 3732 aad.
1110 3688 1153 3742 c)
1185 3693 1406 3741 appetent
1434 3701 1549 3730 corr.
1584 3692 1821 3738 appetunt.
1936 3688 1983 3742 d)
2016 3688 2299 3729 accommodi
2328 3689 2430 3730 Ekk.

203 3745 249 3798 e)
289 3759 312 3789 s
345 3749 431 3788 etsi
461 3747 575 3788 abac.
725 3747 764 3801 f>
797 3777 809 3788 .
841 3783 851 3792 ‚
887 3775 900 3788 .
932 3749 1000 3788 rie
1031 3749 1224 3790 deletum.
1363 3747 1409 3800 g)
1439 3760 1484 3799 p.
1517 3759 1559 3789 o.
1594 3748 1704 3788 abac.
1716 3759 1732 3798 ;
1772 3749 1907 3788 locum
1952 3747 2198 3790 Ekkehardo
2243 3747 2429 3786 adhibito

201 3807 394 3848 restituit
423 3807 473 3848 P.
576 3804 625 3858 h)
659 3818 737 3847 um
768 3819 831 3858 pa
859 3808 999 3848 alme.-
1075 3805 1112 3859 i)
1145 3817 1201 3848 ae
1231 3811 1304 3848 tra
1333 3802 1446 3848 abac.
1539 3805 1589 3858 k)
1624 3808 1831 3856 quaedam
1861 3809 1999 3860 ὠρας
2030 3811 2189 3847 sancto
2218 3807 2431 3855 Remigio

199 3866 268 3920 (S.
287 3865 362 3920 R.)
395 3866 536 3916 suppl.
554 3867 788 3909 «22sz
905 3865 940 3918 1)
973 3867 1106 3916 adpri
1135 3867 1279 3917 (ὦσας
1312 3870 1473 3908 contra
1505 3876 1663 3907 omnes
1696 3867 1902 3914 gentium
1934 3872 2198 3910 exterarum
2227 3867 2428 3915 impetus

201 3927 330 3967 clara
360 3937 396 3967 s.
429 3929 568 3974 atque
597 3926 770 3966 illustri
787 3937 830 3966 v.
850 3926 953 3967 Ekk.
1045 3923 1110 3977 m)
1127 3937 1156 3966 a
1173 3936 1354 3978 semper
1371 3925 1485 3965 abac.
1574 3923 1623 3977 n)
1657 3927 1807 3966 emicu
1834 3926 1948 3968 abac.
2041 3923 2087 3976 o)
2102 3926 2279 3966 Horum
2297 3935 2367 3974 pr.
2388 3927 2429 3968 1.

197 3985 250 4036 p)
283 3987 395 4036 imp·
429 4007 479 4017 -—
516 3985 770 4029 dinoscitur
806 3986 996 4034 primum
1033 3991 1154 4036 post*
1181 3995 1412 4026 sumemus
1452 3985 1639 4024 initium
1678 3995 1773 4025 cum
1801 3985 1867 4026 hie
1896 3988 1945 4026 in
1974 3987 2065 4027 loco
2103 3999 2205 4028 raso
2250 3989 2427 4038 scripta.

119 4047 126 4052 '
201 4042 250 4097 q)
284 4045 412 4097 tiam,
443 4045 541 4097 alli,
573 4045 668 4084 rint
696 4039 812 4085 abac.
945 4043 984 4096 r)
1017 4045 1074 4086 ab
1107 4049 1144 4084 et
1173 4048 1328 4086 autem
1359 4055 1380 4084 e
1409 4055 1520 4086 corr.

353 4139 410 4208 1)
447 4141 550 4208 Ep.
589 4139 676 4192 60.
717 4140 840 4191 adv.
881 4140 1140 4207 Vigilant.
1290 4138 1350 4208 2)
1386 4140 1603 4207 Dialog.
1642 4140 1692 4202 Ι,
1711 4142 1763 4193 4.
1912 4138 1971 4206 3)
2009 4144 2178 4195 Immo
2216 4143 2424 4195 Hludo-

199 4215 394 4266 wicum
433 4214 688 4278 Balbum,
725 4218 786 4264 ut
821 4216 968 4282 prius
1007 4217 1310 4282 scripserat.
1459 4212 1518 4281 4)
1556 4214 1843 4266 Richerum
1890 4215 2028 4267 haec
2066 4217 2238 4270 minus
2277 4225 2421 4268 recte

197 4286 432 4352 tradere,
471 4289 560 4339 vix
599 4292 682 4340 est
718 4287 860 4353 quod
897 4304 1242 4354 moneamus;
1281 4288 1641 4342 Ekkehardus
1680 4305 1745 4340 ea
1784 4291 2063 4355 exscripsit
2100 4307 2149 4367 p,
2194 4289 2314 4340 180.

1886 4374 1965 4437 1*
