3059 4834
678 300 986 352 RICHERI
1021 299 1523 354 HISTORIARUM
1560 299 1783 352 LIBER
1817 300 1956 354 1111,
2325 303 2424 352 131

200 490 277 534 eo
336 467 509 554 quod
562 467 703 553 ipse
760 467 1119 532 divinarum
1174 476 1236 532 et
1289 466 1710 530 humanarum
1751 488 1964 532 rerum
2009 469 2275 534 scientia
2316 491 2425 534 ex-

198 550 455 618 celleret
496 559 686 637 atque
714 550 1046 615 facundiae
1076 551 1449 616 efficacitate
1490 549 2122 636 plurimumvaleret.
2188 554 2428 618 Factus

195 638 415 722 itaque
455 656 598 698 cum
640 635 804 700 duce
845 636 1128 698 omnium
1168 635 1440 717 medius,
1484 635 1600 699 ait:
1645 635 1838 720 ‘Rege
1880 647 2111 702 nostro·
2135 637 2427 723 piissimo

2444 489 2547 536 98⁷.

195 723 366 785 inter
392 717 848 784 intellectibilia
875 718 1197 801 translatO,
1225 719 1443 803 magni
1474 717 1653 782 ducis
1685 729 2165 806 ceterorumque
2194 721 2442 806 princi-·

194 825 355 890 pum
382 801 809 868 benivolentia
836 801 918 866 ab
950 802 1215 868 obiectis
1243 811 1570 888 purgatuS,
1601 803 1693 866 rei
1711 800 2003 886 publicae
2027 803 2424 870 consulturus

195 887 475 953 consedi.
543 885 677 950 Nec
718 885 897 950 sedet
930 888 1163 968 animo,
1208 895 1279 950 ut
1316 887 1667 972 quicquam·
1684 887 1808 950 nisi
1835 887 1917 951 ad
1947 887 2304 973 profectum
2331 889 2425 954 rei

194 969 497 1060 publicae
541 970 809 1034 edicam.
872 967 1224 1034 Commune
1268 965 1602 1034 consilium
1643 991 1900 1056 quaero,
1945 973 2098 1056 quia
2133 972 2424 1037 omnibus

193 1054 504 1143 prodesse
528 1053 737 1140 cupi0.
771 1052 937 1117 Cum
957 1054 1231 1136 videam,
1253 1075 1382 1118 non
1406 1075 1625 1118 omnes
1646 1055 1850 1140 princi
1900 1076 1968 1119 es
1997 1055 2239 1138 adesse,
2271 1077 2423 1141 quo-

194 1161 345 1204 rum
374 1159 627 1224 quoque
654 1137 993 1222 prudentia
1020 1145 1083 1202 et
1110 1136 1439 1222 diligentia
1464 1160 1567 1202 res
1595 1139 1776 1223 regni
1804 1161 1843 1202 a
1889 1139 2232 1204 ministrari
2258 1139 2425 1205 vale·

195 1231 330 1305 ant,
359 1223 520 1287 ratio
552 1221 859 1308 querendi
884 1222 1073 1306 regis,
1102 1229 1173 1285 ut
1201 1221 1357 1286 mihi
1384 1220 1655 1304 videtur,
1686 1222 1770 1286 ad
1797 1231 2048 1308 tempus
2078 1223 2425 1288 differenda

196 1315 316 1388 est,
362 1315 434 1371 ut
474 1313 707 1370 statuto
748 1314 1033 1391 tempore
1063 1314 1128 1370 et
1155 1327 1375 1369 omnes
1403 1306 1471 1368 in
1508 1327 1707 1369 unum
1738 1305 2075 1389 confluant,
2120 1317 2183 1372 et
2212 1308 2429 1371 unius-·

197 1392 509 1476 cuiusque
552 1389 715 1453 ratio
758 1388 1013 1454 elimata
1056 1398 1118 1454 et
1159 1389 1226 1452 in
1268 1389 1554 1453 medium
1596 1388 1843 1476 prolata
1883 1412 2064 1454 suam
2091 1390 2424 1456 utilitatem

195 1473 666 1540 accommodet.
752 1472 941 1538 Unde
987 1481 1050 1538 et
1090 1471 1274 1537 vobis
1318 1475 1427 1559 qui
1472 1473 1578 1537 hic
1623 1472 1972 1538 consulturi
2013 1476 2249 1540 adestis
2291 1473 2422 1560 pla-

198 1565 361 1641 ceat,
405 1579 521 1624 vos
563 1579 816 1622 mecum
842 1579 1094 1643 ‚magno
1138 1557 1286 1622 duci
1330 1566 1727 1624 sacramento
1779 1555 2044 1643 alligari,
2100 1569 2164 1624 et
2206 1579 2430 1624 coram

198 1641 536 1729 spondere,
593 1640 673 1706 de
726 1642 1016 1729 principe
1070 1641 1405 1706 statuendo
1456 1663 1575 1706 vos
1619 1640 1777 1706 nihil
1831 1643 2207 1727 quesiturOS,
2266 1641 2423 1706 nihil

195 1726 551 1808 molituros,
595 1725 796 1790 donec
835 1728 903 1790 in
945 1749 1143 1790 unum
1184 1725 1539 1808 redeamus,
1584 1735 1648 1790 et
1691 1726 1782 1788 sic
1810 1726 1891 1789 de
1929 1725 2224 1792 habendo
2253 1727 2426 1812 prin-·

198 1813 346 1896 cipe
388 1811 720 1895 agitemus.
804 1808 1159 1874 Plurimum
1202 1809 1371 1874 enim
1400 1807 1588 1890 valet,
1631 1807 2069 1873 deliberationi
2099 1809 2239 1874 dari
2281 1832 2422 1894 spa*

196 1897 364 1960 tium
416 1893 752 1979 temporis;
810 1894 878 1956 in
978 1915 1061 1957 uo
1105 1913 1576 1978 quamcumque
1615 1914 1752 1956 rem
1796 1893 2062 1978 quisque
2107 1893 2423 1973 discutiat,

200 1988 267 2044 et
310 1979 662 2043 discussam
700 1974 903 2040 multa
977 1975 1257 2060 ‘igentia
1285 1972 1521 2060 poliat'.
1605 1975 1788 2038 Haec
1829 1976 2142 2039 sententia
2181 1975 2264 2039 ab
2295 1997 2423 2039 om-

197 2063 392 2127 nibus
436 2082 621 2126 susce
670 2067 738 2122 ta
776 2058 1089 2124 laudatur.
1177 2057 1588 2123 Sacramento
1631 2057 1848 2143 itaque
1878 2057 2026 2122 duci
2066 2057 2424 2144 alligantur.

199 2147 493 2291 Tempusi
544 2166 613 2207 re
662 2141 853 2206 eundi
910 2150 974 2207 et
1038 2139 1462 2206 conveniendi
1508 2141 1930 2208 constituitur.
2017 2141 2124 2206 Sic
2168 2164 2422 2228 quoque

199 2252 243 2293 a
285 2251 354 2292 se
398 2249 467 2291 so
492 2227 587 2288 uti
631 2235 795 2289 sunt.

313 2347 372 2410 9.
460 2344 849 2430 Conquestio
892 2343 1116 2408 Karoli
1158 2344 1334 2431 apud
1376 2342 1932 2430 metropolitanum
1977 2345 2057 2409 de
2098 2367 2317 2430 regno.

374 2446 621 2512 Interea
673 2445 948 2511 Karolus
965 2494 984 2528 ,
1048 2447 1157 2532 qui
1212 2445 1417 2510 fuerat
1480 2447 1767 2510 Lotharii
1823 2447 2015 2510 frater
2028 2495 2045 2528 ,
2108 2447 2420 2512 Ludovici

203 2539 498 2616 patruuS,
570 2531 785 2595 Remis
851 2529 1407 2616 metropolitanum
1467 2530 1626 2594 adiit
1688 2539 1879 2617 atque
1936 2530 2028 2595 sic
2085 2530 2164 2596 de
2220 2553 2419 2616 regno

202 2635 351 2678 011111
395 2615 719 2678 convenit:
791 2611 1129 2678 ‘Omnibus
1169 2621 1395 2678 notum
1437 2624 1550 2696 est,
1593 2624 1778 2699 pater
1817 2615 2195 2697 venerande,
2242 2615 2418 2681 *iure

198 2696 583 2761 hereditario
626 2697 856 2764 debere
898 2697 1079 2762 fratri
1117 2708 1187 2763 et·
1210 2699 1426 2784 nepoti
1452 2719 1554 2762 me
1584 2697 1942 2764 succedere.
2025 2699 2210 2764 Licet
2250 2701 2419 2780 enim

196 2802 237 2844 a
278 2779 470 2846 fratre
515 2780 595 2846 de
634 2803 833 2867 regno
876 2781 1097 2867 pulsus
1143 2783 1283 2865 sim,
1325 2791 1540 2846 tamen
1568 2790 1797 2846 natura
1822 2781 1978 2846 nihil
2009 2782 2418 2850 humanitatis

195 2863 355 2928 mihi
395 2864 755 2950 derogavit3
801 2886 947 2929 cum
977 2865 1269 2930 omnibus
1299 2866 1640 2930 membrisa
1682 2875 1868 2931 natus
1908 2889 2067 2949 sum,
2115 2869 2254 2932 sine
2283 2871 2424 2954 qui-·

194 2948 319 3012 bus
376 2948 583 3035 quivis
644 2949 726 3015 ad
784 2947 1159 3036 dignitatem
1203 2949 1551 3036 quamlibet
1591 2952 1951 3037 promoveri
2005 2972 2137 3015 non
2191 2953 2414 3038 potuit.

193 3031 318 3097 His
375 3033 567 3098 etiam
606 3055 735 3097 non
780 3056 986 3116 caree,
1046 3056 1209 3121 quae
1261 3034 1329 3096 in
1379 3036 1736 3119 regnaturis
1781 3035 2171 3134 quibuslibet
2221 3034 2417 3121 pluri-

193 3137 374 3180 mum
425 3117 607 3204 queri
663 3115 883 3199 solent,
938 3140 1171 3202 genere
1216 3128 1279 3184 et
1318 3127 1391 3183 ut
1431 3117 1701 3184 audeam
1744 3127 1996 3184 virtute.
2085 3118 2218 3185 Cur
2261 3142 2412 3206 ergo

192 3223 245 3280 a,
274 3198 509 3264 finibus
550 3201 787 3266 eiectus
828 3223 987 3283 sum,
1032 3223 1194 3288 quos
1234 3224 1275 3266 a
1302 3201 1650 3266 maioribus
1678 3203 1838 3267 meis
1865 3223 2196 3288 possessos
2226 3223 2413 3266 nemo

191 3284 466 3364 dubitat,
516 3305 661 3348 cum
701 3283 895 3349 frater
932 3307 1063 3348 non
1104 3288 1187 3351 sit
1226 3308 1306 3350 ne
1356 3307 1556 3371 osque
1600 3285 1828 3368 obierit
1866 3283 2236 3371 prolemque
2277 3285 2414 3348 nul-

68 3427 77 3437 .
191 3367 323 3432 lam
365 3367 735 3455 reliquerint
748 3367 780 3430 ‘?
862 3369 1053 3432 Pater
1066 3381 1086 3414 ¹
1130 3390 1246 3432 nos
1320 3390 1435 3433 uos
1470 3369 1697 3432 fratres
1729 3369 2099 3452 superstites
2139 3366 2413 3453 reliquit.

191 3453 422 3517 Frater
475 3474 819 3537 regnorum
875 3452 1226 3516 dominium
1293 3460 1496 3516 totum
1553 3449 1839 3535 possedit
1908 3449 2192 3538 nihilque
2257 3452 2414 3518 mihi

194 3537 529 3602 concessit.
613 3535 755 3622 Ego
798 3534 978 3600 fratri
1021 3534 1333 3618 subditus,
1382 3532 1653 3600 fideliter
1692 3556 1822 3598 non
1864 3536 2074 3600 minus
2117 3534 2257 3600 aliis
2299 3537 2414 3599 mi-

190 3619 390 3685 litavi.
476 3621 540 3684 A
584 3642 712 3718 quo
755 3629 1059 3705 tempore,
1100 3619 1300 3684 fateor
1360 3617 1516 3682 nihil
1557 3619 1715 3683 mihi
1757 3619 1962 3683 carius
1989 3619 2183 3684 fuisse
2213 3619 2413 3686 salute

190 3703 424 3770 fiatri&
509 3701 819 3769 Abiectus
862 3725 1012 3790 ergo
1058 3711 1122 3768 et
1162 3667 1385 3769 infesix
1415 3724 1542 3803 quo
1583 3725 1686 3767 me
1715 3704 1930 3788 potius
1958 3711 2218 3787 vertam,
2263 3726 2412 3768 cum

190 3788 427 3852 etiamb
496 3789 708 3852 omnia
770 3789 1023 3873 generis
1084 3788 1212 3852 mei
1273 3787 1553 3873 pres1dia
1617 3789 1899 3853 extincta
1951 3787 2124 3850 sint?
2230 3786 2412 3867 Quos

195 3883 413 3958 preter
439 3893 557 3937 vos
602 3871 887 3936 omnium
928 3871 1335 3938 honestarum
1362 3893 1578 3936 rerum
1623 3893 1816 3955 egens
1860 3867 2222 3955 appellem?
2290 3870 2417 3934 Per

309 4061 356 4116 a)
388 4063 503 4105 Cum
532 4064 604 4104 his
634 4074 681 4106 n.
715 4064 755 4103 1.
873 4061 921 4116 b)
947 4068 1045 4114 post
1072 4063 1172 4104 add.

341 4194 398 4262 1)
436 4195 599 4248 Pater
638 4221 706 4232 —
744 4195 955 4262 reliquit
993 4195 1211 4250 Sallusti
1236 4195 1399 4248 verba
1438 4198 1576 4260 sunt,
1612 4193 1735 4262 Iug.
1769 4209 1815 4244 c.
1847 4194 1931 4258 14,
1973 4207 2129 4262 quem
2155 4193 2412 4246 Richerus

192 4270 441 4323 imitatur.

1868 4353 1946 4415 9*

2440 2635 2456 2656 *
2471 2652 2518 2692 p.
2549 2641 2650 2685 688.
