3059 4834
480 429 582 470 921.

598 248 670 298 24
970 239 981 250 ‘
1127 243 1429 296 RIOHERI
1469 243 1972 296 HISTORIARUM
2007 243 2228 294 LIBER
2265 243 2310 294 1.

770 413 873 478 35.
960 413 1086 479 Hic
1132 433 1275 475 cum
1316 420 1483 476 esset
1525 410 1873 475 clarissimo
1903 413 2175 496 genere*
2217 410 2472 475 inclitus
2515 419 2578 475 et
2627 409 2828 475 Hein-

601 496 722 562 rici
781 496 1099 562 Saxoniae
1170 496 1349 561 ducis
1365 496 1421 526 *⁴¹
1488 493 1656 559 filiae
1711 494 2080 579 Gerbergae
2145 495 2440 580 coniugio
2463 504 2490 536 ἃ
2554 494 2824 557 nimium

603 579 815 646 felixb·
840 592 892 662 1,
945 583 1013 644 in
1057 580 1314 642 nimiam
1366 601 1479 666 pre
1523 577 1858 643 insolentia
1900 579 2316 643 temeritatem
2361 599 2626 663 preceps
2665 577 2826 643 fere-

602 665 823 746 batur3
865 665 933 726 in
975 662 1309 749 disciplina
1337 662 1598 727 militari
1639 685 1722 726 ex
1749 662 2007 726 audatia
2034 662 2286 744 nimiuS,
2330 662 2491 727 adeo
2520 670 2593 725 ut
2669 661 2826 726 uod-

608 770 883 834 cumque
926 745 1327 813 inevincibile
1357 755 1657 833 appetere
1686 768 1815 811 non
1842 755 2178 828 metueret3
2223 766 2487 830 corpore
2517 768 2619 810 me
2665 746 2828 809 iocri

604 840 666 896 et
724 832 917 896 denso
984 831 1268 917 duroque
1328 829 1760 896 membrorum
1824 829 2086 911 robore,
2165 830 2410 895 cervice
2472 829 2828 912 inflexibili,

608 914 805 980 oculis
848 916 1089 981 infestis
1132 926 1324 1002 atque
1368 916 1668 1000 inquietis
1711 915 1929 999 sicque
1942 915 2028 945 ***
2081 912 2439 995 mobilibuS,
2494 924 2564 978 ut
2606 935 2825 979 eorum

605 998 775 1063 color
824 1001 1063 1064 nemini
1119 1000 1202 1063 ad
1258 999 1518 1085 plenum
1566 999 1926 1079 innotuerit,
1971 997 2244 1083 pedibus
2295 997 2551 1062 omnino
2601 998 2826 1083 inpati-

608 1084 877 1165 entibus,
936 1092 1147 1148 mente
1187 1082 1316 1149 levi
1338 1085 1380 1146 ³².
1470 1081 1691 1147 Oratio
1758 1083 1892 1146 eius
1957 1081 2257 1166 ambigua
2318 1083 2560 1147 ratione
2627 1083 2826 1146 consi·

607 1177 796 1249 stens,
826 1167 1236 1252 interrogatio
1267 1166 1489 1231 fallens
1510 1179 1554 1247 ⁰,
1585 1167 1916 1251 responsio
1945 1167 2255 1251 anceps‘13
2289 1166 2588 1230 orationis
2610 1176 2822 1252 partes

604 1273 747 1316 raro
806 1250 1121 1315 dilucidae
1179 1250 1301 1315 sibi
1345 1250 1799 1332 cohaerebant3
1859 1251 1991 1313 suis
2033 1250 2194 1315 adeo
2238 1249 2568 1334 profusus,
2624 1249 2828 1315 aliena

607 1336 946 1400 enormiter
987 1337 1238 1416 sitiens3
1281 1336 1627 1400 maioribus
1669 1356 1747 1398 ac
1792 1333 1915 1398 sibi
1943 1333 2314 1420 aequalibus
2343 1355 2558 1396 coram
2587 1333 2822 1416 favenS,

608 1419 851 1484 occulte
895 1441 1045 1484 vero
1088 1420 1409 1500 invidens;
1453 1442 1667 1484 rerum
1697 1419 2062 1482 confusione
2105 1439 2180 1481 ac
2219 1426 2476 1481 mutuae
2521 1417 2826 1482 dissiden-

606 1507 765 1568 tium
808 1503 1221 1567 insectatione
1262 1502 1607 1587 plurimum
1650 1503 1955 1588 gaudens·

776 1586 878 1649 36.
964 1585 1136 1648 Talis
1180 1587 1393 1670 itaque
1435 1587 1501 1649 in
1543 1610 1611 1650 re
1661 1609 1760 1649 em
1803 1588 2002 1649 nimia
2043 1587 2440 1650 animositate
2493 1584 2828 1649 ferebatur.

608 1668 1035 1732 Meditabatur
1078 1690 1330 1755 quoque
1380 1670 1551 1753 regis
1596 1691 1634 1732 a
1680 1671 2012 1734 iectionem
2058 1669 2436 1751 admodum,
2503 1690 2578 1732 ac
2636 1668 2827 1755 pluri-

609 1773 785 1814 mum
826 1751 893 1814 id
934 1753 1363 1836 pertractabat
1405 1754 1577 1838 apud
1621 1775 1728 1818 eos
1775 1755 1884 1838 qui
1927 1757 1994 1816 in
2035 1752 2298 1837 Belgica
2339 1755 2616 1839 potiores
2659 1752 2828 1816 vide-

608 1834 859 1917 bantur,
889 1843 1016 1900 non
1034 1839 1085 1879 ††
1117 1836 1374 1922 quidem
1402 1837 1728 1918 RotbertO,
1761 1837 1872 1902 sed
1902 1838 2023 1902 sibi
2052 1859 2321 1920 regnum
2351 1838 2684 1920 affectans3
2717 1860 2831 1902 sua

612 1932 908 2005 quoque⁰
964 1921 1364 2006 principibus
1476 1944 1594 1986 ene
1656 1921 1867 1985 omnia
1930 1921 2331 1985 distribuens.
2429 1921 2516 1984 Et
2557 1923 2828 1986 maiores

610 2003 870 2089 quidem
912 2005 1148 2090 prediis
1193 2014 1255 2069 et
1298 2005 1441 2068 aedi
1486 2027 1562 2069 us
1621 2006 1892 2090 egregiis
1951 2005 2164 2069 inclite
2224 2004 2536 2083 donabat,
2595 2007 2831 2070 medio-

610 2110 746 2152 cres
790 2100 1003 2154 autem
1048 2089 1187 2154 auri
1230 2098 1293 2153 et
1335 2111 1405 2152 ar
1452 2091 1582 2152 enti
1625 2089 1874 2154 talentis
1921 2089 2263 2154 efficaciter
2321 2087 2639 2154 illiciebat.
2726 2091 2836 2154 Fit

606 2175 822 2270 itaque
881 2173 1223 2238 multorum
1284 2187 1365 2238 ex
1406 2113 1687 2258 {elgica
1752 2195 1898 2236 cum
1953 2194 2026 2237 eo
2085 2195 2448 2238 consensus,
2538 2173 2666 2238 Sed
2709 2173 2830 2238 hoc

612 2267 762 2320 satis
792 2258 1124 2342 inprovide
1153 2279 1229 2322 ac
1257 2257 1623 2324 inconsulte.
1715 2257 1881 2321 Nam
1923 2256 2102 2322 lieetf
2142 2259 2222 2322 ob
2251 2278 2483 2341 magna
2523 2257 2834 2322 beneficia

610 2351 1007 2425 comparatos
1066 2343 1187 2408 sibi
1239 2344 1635 2426 attraxisset,
1688 2364 1814 2406 non
1872 2351 2084 2406 tamen
2141 2363 2222 2404 ex
2290 2342 2692 2406 iureiurando
2748 2341 2832 2405 ad

602 2425 981 2510 patrandum
1026 2427 1271 2490 facinus
1316 2428 1438 2492 sibi
1482 2427 1806 2491 annexuit.
1890 2425 2144 2490 Leviter
2173 2446 2324 2509 ergo
2369 2427 2636 2508 attracti,
2677 2424 2834 2489 levi·

604 2518 700 2572 ter
742 2519 885 2594 post
928 2509 1248 2574 dissociati
1291 2510 1484 2574 fuere.

774 2595 875 2657 37.
961 2593 1124 2656 Nam
1170 2615 1317 2656 cum
1359 2591 1654 2672 Karolus,
1700 2593 1820 2656 hoc
1863 2591 2079 2655 audito
2090 2641 2107 2671 ,
2153 2614 2192 2655 a
2236 2591 2478 2656 Celtica
2531 2615 2677 2657 cum
2724 2616 2836 2658 ex-

606 2676 808 2740 ercitu
849 2675 1083 2740 rediret
1123 2676 1336 2761 Belgis
1386 2699 1465 2740 ue
1510 2674 1744 2740 bellum
1788 2675 2017 2740 inferre
2058 2687 2340 2760 pararet,
2400 2674 2635 2761 Belgae
2677 2699 2834 2742 mox

606 2781 735 2823 non
778 2760 844 2821 in
874 2769 1093 2843 aperto
1140 2781 1288 2823 cum
1336 2699 1693 2825 &isleberto
1723 2761 2012 2824 resistere
2056 2759 2180 2822 nisi
2211 2769 2372 2841 sunt,
2420 2761 2532 2824 sed
2577 2761 2835 2846 oppidis

606 2865 682 2906 ac
727 2843 1091 2928 municipiis
1113 2855 1195 2898 Μ
1242 2865 1376 2908 sese
1419 2841 1772 2908 recludunt.
1857 2845 2000 2908 Rex
2031 2865 2184 2908 vero
2216 2842 2482 2928 singulis
2514 2846 2621 2930 qui
2650 2845 2731 2909 ab
2762 2869 2834 2910 se

607 2926 970 2991 defecerant
1011 2926 1253 3012 legatos
1300 2928 1550 3011 dirigit,
1595 2950 1708 3012 per
1752 2949 1910 3013 quos
1957 2927 2383 3013 significabat,
2440 2950 2578 2992 sese
2631 2929 2834 3012 regali

607 3021 797 3095 atque
842 3009 1130 3075 sollemni
1170 3011 1511 3076 donatione
1552 3010 1960 3096 largiturum,
2006 3012 2309 3099 quicquid
2367 3014 2456 3076 eis
2501 3013 2581 3077 ab
2629 3011 2838 3077 Gisle-

608 3093 788 3158 berto
832 3093 1197 3178 prediorum
1242 3106 1304 3160 et
1345 3095 1600 3160 aedium
1647 3094 1939 3160 collatum
1985 3107 2097 3179 est,
2143 3119 2280 3162 sese
2355 3119 2567 3182 uoque
2611 3107 2840 3162 contra

610 3175 1040 3242 Gislebertum
1084 3201 1199 3264 pro
1245 3181 1335 3243 eis
1382 3188 1786 3262 certaturum,
1831 3181 1885 3243 si
1914 3181 1968 3243 is
2000 3182 2090 3244 eis
2121 3203 2204 3244 ex
2233 3117 2474 3246 collatis
2502 3179 2838 3245 beneficiis

609 3263 955 3349 quicquam
1010 3285 1078 3326 re
1128 3274 1293 3328 etere
1347 3263 1517 3327 velit.
1619 3263 1761 3344 Quo
1808 3265 2008 3349 capti,
2074 3285 2229 3327 mox
2271 3266 2405 3328 iure
2451 3267 2831 3330 sacramenti

608 3345 690 3410 ad
731 3369 951 3432 regem
993 3370 1060 3412 re
1108 3357 1279 3428 eunt,
1322 3347 1682 3432 habitisque
1725 3349 2076 3413 rationibus
2179 3349 2436 3433 uicquid
2492 3347 2834 3413 beneficio-

605 3453 748 3494 rum
792 3432 872 3496 ab
920 3429 1273 3496 Grisleberto
1318 3432 1407 3494 eis
1451 3428 1747 3495 collatum
1791 3432 1944 3515 fuit,
1987 3453 2140 3518 rega
2165 3456 2187 3495 1
2229 3431 2561 3516 largitateh
2605 3431 2836 3496 firmis-

754 3573 801 3641 *)
842 3576 1029 3641 opibus
1070 3582 1123 3626 et
1160 3591 1355 3641 genere
1394 3574 1595 3626 Ekkeh.
1742 3574 1812 3641 **)
1851 3577 1922 3627 Η.
1961 3579 2404 3630 Transrhenensis
2441 3577 2642 3628 Ekkeh.

706 3645 804 3714 ***)
844 3650 1027 3714 sicque
1070 3677 1132 3684 —
1174 3650 1285 3702 inn.
1326 3649 1356 3696 2
1396 3648 1453 3699 in
1489 3665 1674 3716 marg„
1731 3650 1912 3701 deletis
1965 3667 2098 3716 quae
2146 3651 2342 3716 scripta
2381 3659 2560 3700 erant:
2612 3652 2836 3702 naribus

844 3737 969 3772 vero
1009 3723 1225 3772 iniurias
1266 3727 1423 3787 atque
1464 3727 1820 3788 contemptum
1859 3725 2147 3775 insolenter
2185 3724 2521 3790 spirantibus·

754 3791 804 3859 †)
843 3797 899 3845 in
940 3797 1309 3846 controversiis
1346 3797 1590 3846 insensus
1629 3796 1785 3847 simul
1825 3802 1878 3847 et
1915 3800 2128 3862 negotio
2168 3796 2243 3864 (3³)
2281 3797 2407 3848 add.
2453 3798 2498 3859 1,
2540 3798 2642 3849 del.
2685 3799 2733 3849 2.

732 3865 809 3934 ††)
848 3884 901 3919 n.
941 3884 1059 3918 cum
1101 3867 1257 3934 (corr.
1300 3867 1538 3935 quidem)
1577 3895 1647 3906 -
1687 3870 1945 3922 affectans
1986 3871 2114 3922 add.
2154 3871 2184 3919 2
2223 3867 2281 3921 i‘n
2317 3887 2484 3938 mzary.

728 3994 773 4048 a)
807 3995 1100 4054 matrimonio
1134 3998 1173 4048 1,
1216 4007 1427 4046 super-scr.
1459 3998 1534 4037 vel
1566 3999 1795 4048 coniugio.
1919 3998 1967 4050 b)
1996 3997 2108 4040 felix
2141 4018 2194 4028 —
2229 3999 2416 4038 audatia
2445 3999 2492 4038 in
2521 3999 2612 4038 loco
2641 4010 2746 4038 raso
2779 4002 2832 4050 2;

606 4055 717 4095 satis
748 4056 909 4096 beatus
939 4055 1039 4096 Ekk.
1192 4054 1235 4106 c)
1267 4066 1435 4106 anceps
1469 4058 1508 4095 1.
1658 4055 1704 4109 d)
1737 4058 1903 4099 fallens
1937 4060 1977 4099 1.
2128 4054 2170 4108 e)
2201 4064 2298 4108 post
2328 4058 2426 4098 add.
2575 4054 2614 4109 f)
2647 4068 2750 4098 cum
2785 4061 2829 4100 1.

609 4111 657 4165 g)
690 4114 1022 4155 munitionibus
1057 4115 1098 4154 1.
1218 4112 1267 4166 h)
1301 4116 1522 4164 dignitate
1558 4117 1598 4159 1.

756 4207 810 4277 1)
838 4211 945 4262 Diu
973 4215 1093 4276 post
1120 4211 1449 4266 Gislebertus
1478 4213 1627 4265 duxit
1655 4213 1995 4279 Gerbergam.
2110 4214 2164 4278 2)
2202 4215 2238 4267 i.
2269 4229 2314 4267 e.
2345 4214 2547 4278 castris,
2575 4211 2834 4264 castellis-
