3059 4834
493 472 594 516 0⁷8.

382 1139 455 1192 Ἰ).
489 1143 589 1185 624.

487 1393 588 1437 980.

616 287 719 338 114
1119 285 1424 337 RIOHERI
1462 285 1966 338 HISTORIARUM
2002 285 2224 336 LIBER
2259 285 2362 335 ΙΙΙ.

613 454 812 519 minui
855 455 1079 535 sciens,
1121 453 1325 517 redire
1368 452 1666 537 disponit.
1749 452 1837 516 Et
1879 452 2040 516 datis
2087 452 2286 536 signis
2331 459 2537 516 castra
2579 472 2838 516 amove-

612 548 776 604 runt.
859 537 1173 636 Angarias
1238 558 1489 623 quoque
1553 534 1903 600 accelerare
1965 534 2169 600 moliti
2231 545 2406 616 sunt3
2472 536 2832 621 amotisque

614 623 926 704 omnibus,
970 621 1149 686 ibant
1188 643 1317 684 non
1360 619 1636 705 segniter
1691 642 1810 684 nec
1863 620 1999 683 sine
2061 628 2253 682 metu.
2336 617 2609 682 Axonae
2651 617 2832 683 fluvii

609 707 776 772 vada
817 706 1181 771 festinantes
1224 704 1332 768 alii
1384 705 1878 786 transmiserant,
1935 701 2044 766 alii
2092 725 2244 768 vero
2285 701 2828 786 ingrediebantur,

612 812 757 854 cum
810 791 1126 854 exercitus
1184 810 1223 850 a
1271 809 1422 872 rege
1438 799 1465 830 ἃ
1514 788 1745 851 missus
1800 806 1840 849 a
1891 795 2071 868 tergo
2129 785 2570 851 festinantibus
2629 785 2829 850 affuit.

613 874 743 954 Qui
798 873 1034 958 reperti
1083 871 1279 952 fuere,
1343 893 1498 935 mox
1555 870 1782 970 gladiis
1837 869 2111 934 hostium
2168 869 2292 933 fusi
2345 877 2506 951 sunt,
2574 867 2829 954 pluresa

612 958 869 1045 quidem
882 969 928 1039 ἃ,
982 966 1087 1020 ata
1140 954 1351 1019 nullo*³¹
1406 965 1703 1019 nommea
1746 952 1898 1017 clari
1914 967 1953 1018 ¹.
2043 952 2195 1018 Otto
2236 955 2476 1018 interea
2529 974 2678 1016 cum
2719 975 2827 1016 ex-

612 1043 811 1107 ercitu
852 1042 1173 1126 digressus
1185 1088 1205 1120 ,
1268 1037 1596 1124 Belgicam
1651 1038 1836 1123 petiit
1882 1035 2100 1121 ibique
2155 1037 2553 1122 procinctum
2609 1034 2825 1119 solvit3

610 1134 786 1190 tanto
830 1125 1045 1189 favore
1090 1126 1189 1186 *et
1230 1120 1657 1188 benivolentia
1697 1121 1872 1206 apud
1915 1141 2066 1184 suos
2093 1142 2267 1201 usus,
2310 1131 2398 1203 ut,
2431 1121 2596 1184 sicut
2621 1121 2826 1182 immi-

605 1209 778 1275 nenti
822 1206 1124 1294 pericuIO,
1167 1207 1257 1271 ita
1298 1228 1550 1292 quoque
1595 1214 1659 1271 et
1687 1205 1979 1269 omnibus
2010 1205 2222 1290 capita
2249 1226 2387 1268 sese
2427 1204 2822 1268 obiecturosb

654 1293 1067 1358 ollicerentur.

606 1316 651 1379 P
775 1376 872 1440 78.
958 1374 1291 1438 Lotharius
1348 1373 1752 1436 considerans
1812 1372 2111 1436 Ottonem
2175 1393 2382 1458 neque
2447 1372 2608 1436 dolis
2672 1371 2822 1454 falli,

604 1482 811 1547 neque
854 1459 1103 1523 viribus
1145 1480 1334 1543 posse
1378 1454 1649 1538 devinci,
1695 1478 1846 1541 sepe
1889 1464 1951 1520 et
1992 1454 2262 1520 multum
2303 1455 2479 1541 apud
2522 1479 2590 1520 se
2636 1477 2826 1554 quae-

603 1543 803 1624 rebat,
847 1550 1059 1605 utrum
1102 1543 1313 1626 potius
1353 1538 1513 1602 foret
1555 1549 1720 1603 stare
1767 1548 1984 1603 contra
2024 1539 2269 1605 hostem
2312 1563 2394 1603 an
2431 1539 2826 1604 reconclliari

602 1625 785 1690 hosti.
853 1623 924 1688 Si
954 1633 1146 1689 staret
1175 1631 1411 1704 contra,
1458 1623 1785 1706 cogitabat
1812 1622 2114 1707 possibile
2143 1647 2299 1705 esse,
2332 1623 2559 1688 ducem
2591 1622 2826 1709 opibus

604 1709 924 1793 corrumpi
978 1718 1039 1773 et
1091 1709 1158 1770 in
1201 1707 1558 1770 amiciciam
1604 1705 1855 1772 Ottonis
1911 1706 2143 1790 relabi3
2203 1709 2257 1770 si
2312 1706 2830 1771 reconciliaretur

602 1793 785 1875 hosti,
843 1791 911 1855 id
968 1813 1107 1856 esse
1160 1789 1656 1872 accelerandum,
1710 1813 1791 1855 ne
1836 1791 1971 1854 dux
2011 1792 2387 1877 presentiret
2439 1801 2504 1856 et
2552 1814 2631 1854 ne
2681 1792 2834 1874 ipse-

604 1898 728 1962 quo
777 1899 857 1941 ue
898 1875 1087 1941 vellet
1141 1873 1556 1939 reconciliari.
1642 1873 1908 1939 Talibus
1949 1877 2016 1939 in
2059 1875 2195 1939 dies
2239 1873 2651 1939 afficiebatur.
2737 1875 2828 1940 Et

602 1962 753 2026 exin
800 1983 833 2024 e
874 1959 972 2024 his
1016 1960 1263 2023 duobus
1319 1958 1546 2022 ducem
1601 1968 1900 2044 suspectu
2022 1957 2260 2023 habuit.
2347 1957 2410 2024 A
2463 1957 2826 2023 consultan-

601 2045 772 2111 tibus
831 2043 1090 2108 tandem
1145 2043 1467 2108 decretum
1486 2055 1510 2086 ⁰
1563 2053 1674 2124 est,
1742 1981 2038 2146 Ottogem
2103 2045 2169 2106 in
2234 2044 2590 2107 amiciciam
2649 2044 2821 2126 regis

599 2127 1055 2210 revocandum,
1110 2149 1184 2192 eo
1242 2125 1412 2212 quod
1464 2129 1604 2212 ipse
1656 2127 1796 2190 vird
1837 2127 2085 2192 virtutis
2140 2135 2305 2191 esset
2358 2137 2420 2192 et
2473 2148 2591 2212 per
2638 2126 2824 2190 illum

600 2235 730 2277 non
784 2211 985 2276 solum
1046 2211 1179 2275 dux
1234 2211 1589 2275 mansuesci
1643 2221 1875 2295 posset,
1931 2210 2042 2274 sed
2096 2219 2160 2274 et
2210 2210 2475 2275 aliarum
2533 2211 2825 2294 gentium

600 2297 832 2360 tiranni
873 2295 1199 2379 subiugari
1241 2293 1476 2360 utiliter
1524 2293 1822 2358 valerent.
1906 2293 2132 2378 Legati
2185 2296 2380 2379 igitur
2436 2317 2475 2358 a
2518 2294 2822 2358 Lothario

603 2380 826 2446 directi
892 2378 973 2443 ab
1020 2379 1255 2445 Ottone
1296 2377 1733 2443 liberalissime
1777 2378 2071 2464 suscepti,
2129 2378 2209 2442 de
2261 2377 2558 2443 habenda
2601 2379 2824 2443 utrius-

604 2487 727 2550 que
768 2464 1055 2528 amicicia
1096 2463 1255 2526 duce
1272 2475 1296 2506 θ
1338 2463 1666 2548 ignorante
1710 2460 2054 2526 elaborant.

1042 2601 1141 2665 79.
1229 2599 1447 2664 Oratio
1464 2600 1485 2642 f
1526 2598 1852 2665 Gallorum
1893 2599 2006 2663 adf
2050 2598 2369 2663 Ottonem.

770 2702 1149 2784 ‘Hactenus’,
1193 2702 1502 2787 inquiunt,
1551 2700 1940 2783 ‘discordiae,
1982 2700 2281 2783 invidiae,
2327 2701 2539 2765 caedis
2585 2709 2822 2766 amato-

601 2806 702 2849 res
744 2784 1107 2866 floruerunt,
1168 2806 1313 2848 cum
1332 2785 1361 2826 ‘¹
1401 2786 1565 2849 inter
1605 2784 2029 2850 nobilissimos
2081 2807 2263 2870 reges
2317 2795 2562 2849 tantum
2608 2785 2826 2850 locum

599 2867 973 2934 habuerunt.
1076 2868 1325 2948 Quibus
1426 2891 1497 2932 ro
1555 2867 1794 2932 deliciis
1851 2879 1986 2934 erat
2045 2869 2396 2950 discordia,
2453 2870 2605 2955 quia
2645 2870 2827 2955 apud

598 2973 783 3038 reges
814 2951 1137 3016 discordes
1167 2974 1233 3016 se
1262 2891 1460 3016 mult&
1488 2952 1820 3039 adquirere
1850 2973 2036 3038 posse
2065 2952 2555 3018 arbitrabantur.
2600 2953 2824 3016 Enim-

599 3057 749 3100 vero
780 3035 859 3100 de
890 3037 1211 3099 communi
1237 3032 1380 3098 labe
1412 3036 1793 3120 cogitabant,
1823 3046 1893 3100 ut
1921 3037 2176 3100 maioris
2204 3035 2442 3120 gloriae
2473 3047 2535 3100 et
2555 3035 2822 3102 honoris

598 3117 811 3185 locum
852 3118 1024 3204 apud
1068 3119 1470 3183 conturbatos
1511 3120 1922 3184 vindicarent.
1996 3119 2126 3185 Sed
2155 3120 2442 3205 proderit
2467 3120 2824 3205 plurimum

597 3204 689 3268 rei
729 3202 1044 3289 publicae,
1088 3204 1141 3267 si
1185 3201 1542 3288 malignitas
1584 3226 1926 3288 pravorum
1968 3205 2095 3267 iam
2114 3205 2142 3246 ‘¹
2187 3203 2429 3269 dudum
2444 3206 2471 3246 ‘¹
2512 3205 2826 3290 reprima-

597 3297 701 3352 tur
753 3297 815 3352 et
866 3289 1070 3352 virtus
1132 3288 1440 3353 bonorum
1491 3285 1634 3352 luce
1689 3288 1912 3373 purius
1969 3289 2288 3354 enitescat.
2373 3289 2620 3354 Redeat
2663 3310 2820 3374 ergo

596 3373 794 3436 virtus
838 3381 903 3436 et
940 3371 1162 3436 floreat
1202 3373 1365 3436 inter
1393 3371 1878 3456 gloriosissimos
1905 3393 2107 3456 regeS,
2150 3381 2220 3436 ut
2250 3381 2312 3436 et
2339 3381 2550 3438 vestra
2577 3373 2822 3437 virtute

596 3463 913 3520 tantorum
974 3455 1285 3520 malorum
1348 3464 1645 3520 auctores
1699 3455 1933 3519 abinde
1990 3456 2468 3540 conquiescant,
2537 3468 2602 3522 et
2665 3479 2770 3520 res
2789 3469 2824 3510 ἔ

596 3537 853 3636 publica
908 3549 1118 3604 vestra
1168 3540 1399 3604 virtute
1450 3542 1664 3626 potius
1704 3540 2120 3624 gubernetur,
2179 3561 2366 3624 quam
2428 3540 2820 3626 cupidorum

595 3623 839 3686 invidia
894 3622 1223 3686 dilabatur.
1321 3623 1621 3687 Securius
1674 3625 1842 3688 enim
1895 3624 2082 3688 ambo
2136 3645 2206 3686 re
2253 3624 2504 3705 nabitis‚
2552 3646 2702 3688 cum
2743 3625 2821 3688 in

596 3705 883 3770 amicicia
924 3707 1244 3771 coniuncti
1285 3706 1445 3771 duos
1486 3709 1799 3772 exercitus
1827 3715 1944 3793 pro
1963 3707 1991 3748 ‘¹
2020 3728 2145 3770 uno
2162 3708 2190 3749 ‘¹
2261 3709 2555 3774 abebitis.
2619 3707 2819 3788 Quod

596 3791 650 3854 si
706 3812 789 3854 ex
843 3789 1026 3854 vobis
1080 3788 1237 3855 alter
1286 3791 1352 3852 in
1408 3789 1658 3855 ultimas
1724 3813 1981 3856 suorum
2035 3813 2374 3876 regnorum
2431 3801 2654 3877 gentes
2714 3793 2815 3857 ire

710 3978 756 4032 a)
787 3991 809 4020 e
836 3991 949 4022 corr.
1127 3977 1175 4031 b)
1207 3991 1243 4020 s.
1277 3989 1318 4020 o.
1351 3990 1450 4020 sese
1484 3981 1524 4020 1.
1705 3977 1747 4032 c)
1779 3981 2084 4022 deliberatum
2119 3993 2334 4031 super-scr.
2377 3982 2449 4022 vel
2501 3983 2740 4023 decretum
2773 3995 2817 4024 c.

594 4036 641 4091 d)
665 4045 767 4089 poet
796 4041 896 4081 add.
1015 4037 1059 4091 e)
1092 4040 1133 4079 d.
1164 4040 1194 4082 i.
1225 4049 1265 4080 e.
1297 4039 1344 4078 in
1372 4040 1463 4078 loco
1492 4049 1610 4078 raso.
1733 4037 1768 4090 s)
1803 4051 1844 4091 o,
1876 4041 1905 4080 d
1934 4041 2045 4082 abac.
2167 4040 2214 4092 g)
2246 4053 2288 4083 v,
2321 4053 2357 4081 r.
2389 4053 2433 4091 p.
2467 4042 2509 4081 1.

739 4186 795 4254 1)
835 4187 917 4238 Of.
970 4156 1133 4239 Gesta
1179 4188 1451 4242 Gamerae.
1489 4191 1535 4254 Ι,
1589 4189 1674 4252 98,
1729 4189 1824 4241 SS.
1865 4189 1991 4254 VII,
2044 4207 2096 4256 p.
2149 4189 2286 4254 4413
2347 4190 2540 4242 Chron.
2587 4192 2818 4259 Andeg.

592 4261 678 4312 ed.
714 4259 1039 4326 Marchegay
1072 4277 1124 4326 p.
1168 4261 1250 4313 76.
