3059 4834
430 427 535 471 ⁹44.

316 3195 390 3252 Ἴ).
423 3199 525 3244 ⁶9⁷.

553 245 627 295 so
1066 212 1375 295 niem-:m
1410 243 1918 295 msronumm
1953 243 2178 294 LIBER
2213 243 2289 292 11.

714 413 821 477 41.
882 410 1269 495 Prodigiosa
1308 409 1766 475 demonstratio
1781 421 1812 452 ⁸
1851 409 2054 474 cladis
2095 411 2574 474 Brittannorum
2583 420 2632 474 ⁸.

722 513 870 594 Quo
892 525 911 559 ¹
957 525 1245 599 tempore
1286 512 1612 579 ferebatur
1650 513 1884 576 Parisii
1932 513 2122 578 turbo
2177 535 2246 575 re
2293 519 2438 576 ente
2453 513 2482 552 Β
2525 522 2792 576 exortus

553 607 735 663 tanta
772 599 841 661 vi
883 596 1359 678 discucurrisse,
1414 607 1489 660 ut
1539 598 1820 682 parietes
1861 595 2066 659 multa
2103 594 2164 658 la
2211 597 2236 658 i
2279 618 2388 658 um
2431 593 2600 659 mole
2647 595 2790 659 fun-

554 680 689 746 dati
752 682 823 744 in
882 680 1103 745 Monte
1152 681 1491 746 Mal-tirum
1547 679 1834 745 funditus
1887 680 2094 744 eversi
2147 618 2411 761 gerim
2481 679 2789 744 demones

555 787 813 851 quoque
854 766 1141 850 equitum
1184 767 1404 850 specie
1442 766 1618 828 visos
1661 763 1992 828 basilicam
2033 761 2352 848 quandam
2394 785 2525 825 non
2559 762 2791 848 procul

553 849 743 913 sitam
808 850 1136 930 evertisse,
1200 850 1465 934 eiusque
1528 848 1744 913 trabes
1807 848 2176 912 memoratis
2237 847 2590 932 parietibus
2652 856 2790 910 tam

552 931 769 996 valide
830 933 1175 997 incussisse
1190 981 1208 1014 ‚
1264 941 1337 996 ut
1393 955 1503 996 eos
1562 930 1956 1013 subruerint3
2013 930 2321 996 evulsisse
2373 931 2567 994 etiam
2623 931 2790 994 eius-

554 1015 704 1080 dem
745 1016 981 1080 montis
1020 1018 1237 1081 vineta
1278 1038 1358 1080 ac
1402 1025 1542 1080 sata
1581 1015 1972 1080 devastasse.
2068 1015 2228 1078 Mox
2283 1016 2422 1077 viso
2464 1012 2789 1099 prodigio,

553 1100 1035 1164 Brittannorum
1076 1102 1395 1184 pernicies
1438 1098 1782 1164 subsecuta
1824 1111 1942 1163 est.
2025 1099 2157 1178 Qui
2183 1098 2559 1183 Berengarii
2593 1107 2793 1183 atque

552 1182 747 1247 Alani
802 1185 1169 1269 principum
1227 1183 1602 1248 dissidentia
1655 1183 2001 1263 discordes,
2057 1205 2098 1245 a
2149 1182 2582 1261 NortmanniS,
2639 1203 2793 1244 cum

598 1268 787 1333 uibus
828 1279 1091 1353 pactum
1135 1278 1416 1354 egerant,
1478 1270 1774 1353 pervasi⁶
1815 1266 2140 1351 multaque
2181 1265 2339 1330 cede
2379 1267 2580 1330 attriti
2621 1277 2793 1330 sunt.

554 1290 823 1416 {eonon
881 1361 946 1415 et
998 1352 1221 1416 civitas
1262 1352 1644 1416 Namtarum
1657 1363 1682 1396 ²
1739 1362 1932 1436 capta
1983 1361 2100 1414 est.
2187 1349 2389 1415 Cuius
2441 1351 2792 1447 episcopus

555 1456 704 1499 cum
768 1437 1355 1521 supervenientium
1411 1436 1692 1499 hostium
1745 1443 1924 1499 metu
1977 1435 2235 1498 territus
2287 1438 2358 1498 in
2408 1432 2793 1497 aecclesiam

552 1519 777 1603 fugere
820 1528 1172 1603 cogeretur,
1224 1541 1487 1583 suorum
1542 1519 1854 1584 densitate
1907 1540 2254 1603 oppressus
2309 1540 2386 1582 ac
2441 1517 2794 1581 suffocatus

554 1612 671 1667 est.
756 1601 1075 1666 Brittanni
1113 1603 1182 1664 in
1228 1604 1373 1688 ipso
1432 1605 1678 1687 impetu
1717 1601 1966 1665 viribus
2019 1623 2233 1665 resum
2282 1603 2382 1684 tis,
2437 1601 2648 1666 hostes
2699 1601 2789 1666 ab

553 1684 717 1750 urbe
786 1684 1149 1749 vehementi
1236 1687 1574 1751 conamine
1655 1683 2092 1771 reppulerunt.
2299 1707 2497 1771 osque
2573 1685 2792 1748 adorsi

554 1769 740 1855 gravi
800 1769 995 1833 caede
1045 1769 1367 1834 fuderunt.
1463 1772 1555 1833 At
1606 1771 1967 1834 Brittanni*
2029 1771 2433 1855 prosperiore
2496 1768 2789 1833 fortunae

554 1873 858 1916 successu
925 1853 1260 1918 confortati
1276 1902 1293 1931 ‚
1356 1855 1546 1918 tertia
1606 1854 1828 1919 itidem
1885 1852 1992 1917 die
2057 1851 2326 1917 classem
2390 1852 2748 1939 pervadunt
2763 1865 2791 1894 0

553 1936 1204 2036 congrediunturque.
1258 1938 1339 2001 In
1365 1949 1551 2024 parte
1581 1949 1852 2023 utraque
1889 1936 2210 2001 innumeri
2236 1937 2380 2001 fusi.
2437 1935 2794 2000 Brittannis

551 2041 707 2085 vero
772 2020 1286 2086 adversanorum
1351 2023 1574 2108 copias
1635 2044 1767 2085 non
1875 2021 2022 2099 assi,
2087 2021 2155 2083 in
2214 2021 2436 2106 fugam
2477 2021 2789 2088 feruntur.

549 2105 933 2169 Nortmanni
974 2116 1191 2169 autem
1242 2107 1512 2170 victoria
1552 2107 1759 2192 potiti,
1861 2107 2284 2168 rittannorum
2327 2104 2483 2168 alios
2526 2102 2789 2188 gladios

553 2188 873 2269 occidunt,
931 2187 1087 2252 alios
1144 2190 1213 2252 in
1269 2189 1499 2254 fluctus
1556 2199 1814 2275 cogunt,
1873 2187 2034 2252 alios
2091 2211 2244 2253 vero
2293 2212 2334 2252 a
2387 2189 2790 2252 Brittanniae

551 2272 785 2338 finibus
829 2271 1177 2355 eliminant,
1221 2285 1435 2359 preter
1486 2274 1604 2338 hos
1659 2275 1772 2360 qui
1829 2273 2148 2337 servitutis
2201 2274 2353 2358 iugo
2413 2270 2604 2336 subdi
2655 2293 2789 2335 non

549 2377 946 2421 recusavere.

653 2484 758 2548 42.
824 2485 966 2548 Rex
982 2487 1009 2526 ¹·
1053 2494 1289 2549 terram
1330 2485 1916 2549 Nortmannorumh
1960 2484 2257 2571 pervadit
2298 2485 2595 2570 capitque
2612 2487 2662 2548 ¹¹.

720 2586 867 2666 Quo
888 2599 909 2632 ¹
968 2586 1053 2649 ad
1102 2587 1273 2671 regis
1330 2609 1517 2650 aures
1576 2584 1844 2670 perlatO,
1905 2586 2272 2650 iArnulfum
2325 2608 2401 2650 ac
2444 2585 2786 2651 Erluinum

550 2669 815 2734 comites
858 2667 1174 2754 simulque
1227 2679 1292 2732 et
1349 2668 1761 2755 Burgundiae
1821 2672 2156 2756 episcopos
2215 2671 2298 2734 ali
2344 2680 2456 2734 uot
2507 2693 2624 2734 rex
2679 2692 2785 2734 ac-

550 2753 759 2817 cersit.
845 2752 1257 2817 Presenserat
1295 2755 1551 2835 etenim,
1596 2775 1816 2817 eorum
1853 2754 2193 2819 nonnullos
2233 2779 2275 2819 a
2362 2755 2441 2818 de
2472 2754 2784 2819 defecisse

547 2835 615 2900 H
708 2837 942 2922 onique
987 2839 1276 2901 cessisse.
1362 2835 1463 2900 Ac
1523 2857 1668 2901 cum
1727 2839 2016 2904 exercitu
2070 2841 2138 2902 in
2193 2861 2301 2903 eos
2359 2839 2575 2902 fertur.
2661 2841 2782 2901 Ar-

545 2858 757 2984 miffiis
802 2941 947 2983 cum
991 2921 1123 2984 suis
1158 2942 1378 3005 regem
1410 2920 1782 3006 precedenS,
1825 2921 1887 2985 N
1889 2932 2273 3005 ortmannOS,
2318 2923 2429 3009 qui
2458 2921 2780 2986 custodias

548 3003 993 3085 observabant,
1034 3001 1271 3069 utiliter
1311 3026 1691 3090 congressus
1733 3006 1909 3090 apud
1948 3005 2262 3070 Areask·³
2306 3006 2470 3071 fudit
2519 3027 2598 3069 ac
2639 3007 2783 3091 regi

546 3087 870 3151 incessum
930 3086 1281 3172 expedivit.
1379 3090 1524 3153 Rex
1566 3088 1974 3153 Rhodomum
2037 3094 2319 3172 venienS,
2383 3089 2464 3154 ab
2529 3091 2609 3153 iis
2668 3093 2781 3177 qui

548 3169 700 3235 fidei
745 3176 1135 3236 *servatores
1189 3171 1366 3236 fuere
1411 3181 1722 3258 exceptus
1765 3182 1878 3238 est.
1963 3173 2340 3239 Desertores
2396 3195 2548 3238 vero
2601 3195 2781 3238 mare

547 3265 858 3340 petentes,
901 3253 1146 3320 amoliti
1198 3266 1365 3320 sunt.
1460 3256 1815 3342 Municipia
1866 3278 2018 3321 vero
2078 3259 2280 3344 copiis
2337 3258 2582 3322 munita
2639 3257 2780 3322 reli-

591 3361 763 3405 uere.
868 3339 1014 3404 Rex
1071 3338 1384 3404 malorum
1438 3340 1670 3404 nimias
1733 3363 1871 3404 esse
1929 3342 2148 3427 copias
2208 3340 2636 3424 consideranS,
2694 3340 2778 3405 ab

613 3444 827 3508 ugone
893 3422 1055 3488 duce
1114 3446 1233 3509 sup
1284 3425 1442 3489 etias
1501 3423 1956 3510 congrediendi
2011 3447 2128 3510 per
2178 3424 2422 3510 legatos
2479 3423 2778 3510 postulat.

544 3506 632 3572 Et
671 3518 743 3572 ut
783 3507 924 3592 ipse
956 3529 1105 3571 cum
1136 3530 1165 3572 s
1278 3507 1597 3573 ‘cientibus
1629 3509 1832 3593 copiis
1860 3509 2096 3590 veniat,
2137 3509 2518 3574 Baiocarum
2551 3509 2780 3573 urbem

543 3590 651 3673 ita,
724 3591 806 3653 sil
878 3613 1021 3655 eam
1096 3614 1244 3656 eum
1306 3591 1570 3679 reliquis
1636 3602 1992 3678 expugnet,
2057 3591 2516 3657 accommodat.
2618 3592 2778 3657 Dux

544 3673 783 3738 donum
827 3675 1077 3760 regium
1116 3676 1465 3762 excipiens,
1509 3699 1630 3762 sup
1682 3677 1840 3740 etias
1882 3686 2120 3760 paratm
2162 3677 2428 3762 regique
2461 3675 2776 3741 subvenit.

546 3756 712 3822 Cum
778 3758 909 3821 suis
974 3760 1190 3844 itaque
1254 3781 1332 3824 ac
1396 3760 1628 3846 quibus
1673 3781 1780 3824 am
1840 3758 2311 3845 Cisalpinorum
2367 3757 2777 3845 potentibus⁵

660 3918 707 3972 a)
754 3921 827 3974 de,
868 3921 922 3972 ti,
966 3924 1014 3961 ta
1052 3922 1166 3963 absc.
1314 3920 1362 3974 b)
1400 3928 1501 3973 poet
1543 3923 1643 3962 add.
1793 3921 1836 3974 e)
1876 3934 1922 3973 p.
1967 3926 2074 3962 sunt
2115 3925 2154 3964 1.
2288 3921 2335 3973 d)
2379 3923 2628 3964 Brintanni
2657 3934 2774 3965 corr.

542 3978 790 4020 Brittanni.
912 3978 957 4031 e)
1002 3981 1215 4030 pervadit
1248 3984 1288 4024 1.
1420 3981 1457 4033 f)
1500 3981 1562 4022 At
1601 3982 1683 4024 Br.
1729 3983 1769 4022 1.
1889 3979 1938 4031 g)
1982 3981 2166 4030 gladios
2213 3983 2252 4023 1.
2385 3979 2432 4030 h)
2475 3982 2528 4030 R,
2571 3983 2627 4033 N,
2669 3993 2708 4034 r,
2751 3993 2776 4021 e

543 4037 656 4081 abeo.
774 4036 810 4089 i)
842 4049 887 4088 p.
922 4049 1003 4078 rex
1034 4039 1089 4081 A.
1128 4043 1165 4082 1.
1284 4037 1335 4091 k)
1370 4040 1546 4081 Archas
1581 4042 1620 4080 1.
1743 4038 1779 4091 1)
1813 4044 1864 4080 ut
1893 4045 1993 4080 ame
2023 4041 2062 4079 si
2093 4040 2171 4081 del.
2295 4037 2358 4090 m)
2391 4041 2471 4080 dat
2502 4043 2543 4083 l.

694 4150 748 4214 1)
786 4149 871 4200 Ex
908 4150 1065 4205 Flod.
1216 4153 1273 4217 2)
1311 4155 1533 4206 Nautes.
1590 4152 1928 4205 Flodoardus
1950 4151 2243 4204 Dolensem
2271 4153 2579 4221 episcopum
2606 4153 2776 4205 fuisse

543 4220 719 4275 refert.
870 4221 929 4289 3)
961 4224 1187 4290 Arques.
1336 4226 1394 4291 5)
1434 4226 1754 4291 quibusdam
1789 4225 2141 4293 Burgundiae
2168 4225 2481 4291 proceribus
2519 4226 2679 4278 Flod.
