3059 4834
679 290 981 341 RIOHERI
1018 289 1520 341 HISTORIARUM
1557 289 1781 339 LIBER
1817 289 1954 338 1111.
2328 288 2426 338 141

884 457 988 521 28.
1072 456 1393 520 Promotio
1435 455 1686 520 Arnulfi
1701 467 1746 520 ³.

368 559 513 622 Rex
572 559 807 623 civium
858 559 1235 622 sententiam
1292 557 1626 643 approbat,
1685 567 1755 622 ut
1813 579 2024 622 coram
2083 555 2432 621 deliberent
2449 573 2550 614 989·

198 641 398 707 iubet.
485 643 786 706 Rationes
833 663 1047 705 coram
1092 642 1439 727 dispositae
1484 651 1648 708 sunt.
1713 641 2056 705 Arnulfum
2096 641 2330 726 itaque,
2376 642 2432 704 si

245 725 379 789 uod
430 725 701 811 spondet
758 724 1019 806 *faciat,
1080 725 1345 810 dignum
1406 747 1656 790 summo
1719 725 2073 790 sacerdotio
2126 733 2432 788 asserunt.
2452 737 2562 780 ‘soh
2588 739 2678 782 45‘.

234 819 427 894 taque
480 819 747 874 vocatus
815 819 878 875 et
930 819 1073 874 ante
1130 830 1347 894 regem
1402 808 1718 874 admissus
1777 819 1891 875 est.
1991 809 2121 889 Qui
2171 808 2251 872 de
2307 805 2434 872 fide

198 891 496 958 habenda
526 916 680 978 erga
707 915 923 978 regem
956 893 1333 974 sciscitatus,
1364 893 1447 958 ad
1478 895 1762 958 omnium
1789 903 1942 959 vota
1968 892 2430 957 modestissime

198 977 547 1062 respondit.
634 975 741 1040 Ad
785 976 1161 1041 coenobium
1205 999 1356 1062 ergo
1401 976 1859 1042 monachorum
1901 977 2102 1041 sancti
2133 977 2429 1060 Remigii,

200 1060 378 1146 quod
417 1060 500 1124 ab
544 1060 701 1125 urbe
743 1083 869 1124 uno
912 1059 1181 1124 miliario
1234 1061 1427 1124 situm
1485 1071 1598 1142 est,
1655 1063 1769 1126 ubi
1822 1060 2133 1125 ordinatio
2189 1061 2430 1144 episco-

198 1167 431 1231 porum
472 1167 556 1209 ex
600 1145 858 1230 antiquo
899 1143 1196 1209 habenda
1239 1155 1352 1227 est,
1399 1168 1439 1208 a
1479 1167 1632 1229 rege
1676 1155 1738 1209 et
1823 1145 2157 1209 rimatibus
2199 1142 2430 1208 deduc-

196 1240 301 1294 tus
346 1239 458 1293 est.
539 1227 672 1293 Ubi
714 1250 831 1291 rex
874 1250 1019 1292 cum
1063 1250 1321 1291 suorum
1348 1229 1596 1292 medius
1623 1230 1749 1294 resi
1795 1239 1947 1311 eret,
1991 1237 2140 1314 post
2169 1225 2433 1291 consilia

196 1335 237 1376 a
286 1312 377 1375 ud
424 1334 573 1376 suos
626 1311 926 1376 secessim
978 1309 1217 1394 habita,
1270 1311 1517 1377 liberali
1573 1311 1822 1398 eloquio
1877 1313 1969 1376 sic
2021 1312 2248 1376 affatus
2301 1319 2430 1374 est:

198 1405 215 1437 ⁴
288 1397 430 1461 ivae
474 1395 857 1460 memoriaeb
888 1394 1235 1476 LudovicO‚
1278 1395 1566 1460 Lotharii
1607 1395 1758 1474 filio,
1804 1396 1944 1460 orbi
1987 1396 2328 1476 subtractO,
2374 1394 2429 1457 si

196 1480 407 1567 proles
451 1479 880 1566 superfuisset,
925 1502 1067 1543 eam
1110 1480 1233 1544 sibi
1264 1481 1666 1562 successisse,
1713 1481 1978 1566 dignum
2007 1479 2186 1543 foret.
2262 1478 2432 1557 Quia

194 1587 349 1629 vero
393 1565 607 1650 regiae
661 1564 1053 1648 generationi
1108 1565 1425 1628 successio
1484 1563 1657 1627 nulla
1713 1574 1827 1647 est,
1882 1564 2076 1650 idque
2133 1561 2428 1627 omnibus

196 1649 289 1712 ita
328 1648 462 1712 fore
505 1656 697 1733 patet,
741 1649 933 1712 vestri
978 1657 1500 1733 caeterorumque
1543 1649 1928 1734 principum,
1973 1669 2193 1712 eorum
2237 1647 2428 1710 etiam

196 1733 311 1818 qui
350 1733 417 1795 in
461 1730 717 1796 militari
760 1731 979 1795 ordine
1022 1734 1299 1818 potiores
1346 1741 1526 1798 erant
1570 1733 1828 1817 optione
1864 1753 2076 1796 assum
2123 1740 2246 1813 tuS,
2288 1752 2428 1815 pre-

196 1817 429 1879 mineO.
566 1815 752 1878 Nunc
818 1837 971 1880 vero
1051 1817 1351 1900 quoniam
1416 1839 1501 1879 ex
1570 1816 1739 1879 linea
1809 1815 2010 1900 regali
2125 1815 2185 1877 ic
2258 1812 2427 1876 unde

196 1921 405 1965 sermo
452 1909 546 1964 est
586 1898 757 1963 solus
802 1898 1127 1983 superfuit,
1180 1922 1261 1963 ne
1300 1899 1464 1962 tanti
1553 1899 1704 1961 atris
1747 1919 1981 1961 nomen
2023 1895 2233 1961 adhuc
2276 1895 2428 1959 obli-

194 1985 384 2048 vione
438 1983 734 2064 fuscetur,
791 1981 961 2045 hunc
1016 1983 1421 2066 superstitem
1544 1982 1744 2044 'cuius
1805 1980 2134 2066 dignitatis
2191 1979 2429 2042 honore

160 2067 284 2132 'ex
334 2068 669 2153 oposcistis
715 2065 958 2129 donari.
1030 2064 1102 2130 Si
1144 2086 1295 2150 ergo
1340 2063 1492 2127 fidei
1522 2063 1875 2129 servandae
1903 2065 2002 2127 ius
2033 2061 2428 2148 polliceatur,

196 2175 277 2216 ur
321 2153 376 2214 is
418 2151 753 2214 tuitionem
796 2146 1125 2234 spondeat,
1181 2146 1469 2212 hostibus
1516 2149 1709 2212 etiam
1751 2151 1820 2212 in
1859 2146 2034 2210 nullo
2079 2169 2216 2211 sese
2260 2167 2428 2209 com-

200 2236 692 2313 municaturum,
734 2231 927 2295 immo
959 2230 1098 2294 illos
1127 2232 1584 2317 impetiturum,
1615 2233 1964 2317 promittat,
1999 2230 2194 2295 vestri
2222 2228 2429 2293 iuditii

199 2339 468 2384 censura
512 2313 861 2378 concedere
904 2315 965 2378 ei
1006 2316 1447 2400 episcopatum
1488 2337 1618 2379 non
1660 2315 1932 2400 pigebit3
1976 2315 2065 2378 ita
2105 2325 2321 2378 tamen
2362 2323 2432 2376 ut

200 2400 553 2546 seffimdum
617 2397 1024 2510 prude’ntium
1090 2398 1550 2464 ordinationem
1613 2399 1992 2464 sacramenti
2055 2398 2428 2461 auctoritate

200 2485 288 2546 m'
338 2485 363 2546 i
406 2503 690 2547 conexus
735 2484 851 2546 sit.

823 2639 923 2726 29.
1012 2636 1433 2724 Cirographic
1476 2639 1802 2723 scriptum.

370 2759 478 2823 ‘Et
520 2768 591 2823 ut
631 2761 883 2845 penitus
913 2760 1141 2823 mentis
1170 2768 1554 2845 conceptum
1581 2759 1886 2843 aperiam,
1927 2766 2076 2844 post
2102 2757 2430 2822 iurationis

198 2852 670 2908 sacramentum
715 2844 843 2906 ciro
890 2843 1162 2928 taphum
1205 2838 1287 2906 ab
1334 2864 1410 2906 eo
1466 2841 1874 2907 scribendum
1929 2852 2119 2927 put03
2184 2842 2252 2904 in
2304 2864 2428 2928 quo

200 2925 661 2992 maledictionis
719 2937 868 2992 anat
912 2949 1056 2992 ema
1097 2925 1407 2992 habeatur
1447 2925 1830 3009 huiusmodi,
1888 2926 2060 3013 quod
2104 2925 2162 2990 ei
2202 2927 2432 3011 impre-

200 3019 378 3074 cetur
418 3032 535 3096 pro
578 3010 868 3075 felicibus
912 3008 1389 3092 contumeliosa,
1444 3032 1562 3095 pro
1623 3009 2006 3074 salutaribus
2062 3009 2430 3095 pernitiosa,

199 3116 319 3179 pro
360 3094 642 3160 honestis
699 3095 928 3179 turpia,
987 3115 1104 3181 pro
1158 3094 1568 3160 diuturnitate
1625 3103 1958 3180 punctum,
2017 3115 2134 3179 pro
2189 3093 2428 3158 honore

200 3185 657 3264 contemptum,
718 3187 781 3242 et
837 3188 908 3242 ut
962 3188 1167 3242 totum
1230 3175 1662 3258 concludatur,
1719 3200 1836 3263 pro
1897 3176 2191 3241 omnibus
2244 3176 2430 3240 bonis

203 3263 419 3326 omnia
461 3261 645 3327 mala.
733 3261 920 3342 Quod
966 3263 1154 3325 etiam
1204 3261 1575 3346 bipertitum
1631 3261 1770 3325 fieri
1825 3259 2055 3345 placet.
2139 3258 2430 3324 Alterum

200 3343 378 3427 mihi,
444 3344 568 3410 sibi
629 3343 896 3409 alterum
962 3344 1363 3409 concedatur.
1460 3343 1861 3428 Quandoque
1917 3343 2110 3406 etiam
2165 3341 2287 3404 hoc
2339 3341 2431 3404 illi

200 3427 554 3494 calumnias
595 3431 857 3514 ingeret,
902 3429 956 3492 si
996 3430 1264 3513 turpiter
1304 3451 1345 3490 a
1386 3427 1512 3492 fide
1572 3425 1880 3492 declinet’.
1966 3425 2110 3489 Hac
2154 3423 2430 3511 promul-

198 3522 354 3596 gata
396 3513 725 3594 sententia,
782 3512 851 3576 id
890 3513 981 3576 ita
1019 3510 1383 3576 faciendum
1435 3511 1516 3575 ab
1576 3509 1869 3574 omnibus
1927 3507 2258 3573 laudatum
2314 3519 2427 3574 est.

201 3597 502 3662 Procedit
562 3597 653 3660 ita
697 3617 777 3659 ue
811 3593 1145 3678 [Arnquus
1211 3615 1443 3659 coram.
1544 3593 1616 3659 Si
1669 3593 1738 3659 id
1802 3594 2130 3658 inventum
2193 3592 2426 3677 laudet,

201 3677 571 3746 consulitur.
699 3702 743 3742 n
771 3679 864 3744 sic
894 3679 1203 3764 suscipiat
1229 3678 1403 3765 quod
1429 3679 1608 3765 petit,
1641 3677 2013 3742 sciscitatur.
2086 3675 2202 3742 Ille
2233 3677 2426 3742 hono·

200 3765 291 3828 ris
335 3764 605 3850 cupidus
645 3765 973 3829 inventum
1011 3762 1248 3828 laudat.
1321 3762 1475 3828 Sese
1519 3763 1611 3828 sic
1651 3766 1840 3847 possse
1883 3763 2226 3847 suscipere,
2256 3783 2426 3825 asse-

200 3856 403 3912 verat.
475 3849 695 3912 Iussus
737 3849 951 3934 itaque
995 3846 1441 3946 cirographum
1481 3847 1853 3932 bipertitum
1894 3846 2139 3910 notavit
2157 3857 2200 3910 ¹.
2264 3845 2429 3931 Regi

198 3929 493 4014 alterum,
534 3931 801 3998 alterum
841 3930 964 3996 sibi
1006 3941 1299 3996 servant.

324 4122 368 4175 a)
406 4122 474 4163 Ar
501 4123 613 4165 abac.
735 4122 781 4173 b)
813 4124 873 4165 D.
906 4123 967 4163 M.
1000 4134 1031 4162 c.
1154 4121 1196 4174 c)
1230 4121 1283 4164 ci
1313 4121 1427 4163 abac.

356 4257 417 4321 1)‘
448 4254 603 4318 Quod
638 4273 690 4306 v.
730 4255 866 4306 infra
906 4271 955 4306 c.
996 4255 1081 4306 60.
