3059 4834
838 217 1143 269 RICHERI
1184 216 1690 268 HISTORIARUM
1728 215 1952 266 LIBER
1990 215 2127 265 1111.
2501 216 2605 265 177

538 386 740 470 (106).
828 385 1039 464 Quam
1100 382 1446 469 perlectam
1511 380 1723 467 legato
1828 403 1989 468 apae
2046 403 2201 446 mox
2264 379 2604 466 legendam
2622 397 2723 440 995.

369 471 675 555 porrexit.
763 469 947 532 Tunc
991 467 1277 553 episcopi
1322 488 1541 530 omnes
1586 488 1732 529 cum
1845 464 2132 530 odefrido
2176 467 2436 548 comite,
2494 467 2605 553 qui
2621 457 2724 509 ¹¹¹¹²²
2756 457 2799 498 ²·

607 645 673 693 iis
714 644 804 707 qui
843 641 1070 692 oderunt
1108 658 1191 691 me
1241 641 1480 691 amicitia
1530 642 1800 706 iungeris,
1852 646 1906 691 et
1953 639 2157 691 idcirco
2208 642 2340 691 iram
2387 640 2606 706 quidem

606 716 827 766 Domini
854 713 1193 766 merebaris”.
1256 713 1469 764 Deinde
1496 715 1860 764 sanctionibus
1907 714 2290 765 ecclesiasticis
2321 730 2417 781 per
2441 714 2606 780 longa

605 794 901 853 temporum
930 790 1107 855 spatia
1131 789 1364 854 peractis
1390 787 1620 854 legeque
1647 787 2042 854 perhemptoria
2072 793 2453 850 consummata,
2483 804 2604 838 cum

608 861 743 911 nihil
782 861 930 912 aliud
969 867 1209 921 restaret,
1256 862 1359 911 nisi
1396 865 1457 910 ut
1495 860 1780 912 iudiciaria
1817 861 2074 927 principis
2111 865 2376 927 potestate
2417 862 2601 912 coher-

611 940 819 985 ceretur
859 941 913 984 et
950 940 1222 1000 tamquam
1261 933 1550 985 seditiosus
1590 949 1654 983 ac
1694 933 1913 984 rebellis
1951 949 1984 982 a
2020 932 2307 1000 principali
2345 933 2604 984 cathedra

605 1013 992 1071 removeretur,
1043 1008 1165 1073 lege
1215 1008 1458 1058 Africani
1498 1007 1744 1069 concilii,
1794 1009 1983 1058 iterum
2024 1023 2056 1056 a
2091 1007 2340 1058 fratribus
2378 1007 2511 1058 meis
2551 1013 2606 1058 et

604 1083 757 1146 regni
794 1081 1105 1148 primatibus
1146 1086 1440 1132 conventus
1474 1086 1527 1130 et
1567 1081 1916 1131 commonitus
1954 1097 2086 1148 sum,
2126 1087 2200 1142 ut,
2230 1079 2446 1134 excluso
2474 1095 2602 1146 apo-

605 1160 762 1218 stata,
802 1171 983 1204 curam
1023 1154 1235 1206 discissi
1274 1159 1327 1204 et
1366 1153 1611 1203 dilaniati
1649 1155 1973 1220 susciperem
2012 1153 2214 1221 populi.
2291 1153 2447 1216 Quod
2486 1155 2603 1219 qui-

608 1227 727 1278 dem
770 1235 824 1278 et
864 1227 955 1278 diu
993 1227 1174 1278 distuli
1215 1233 1268 1277 et
1304 1233 1493 1294 postea
1523 1243 1630 1277 non
1674 1229 1804 1279 satis
1831 1232 2018 1293 sponte
2046 1227 2311 1292 acquievi,
2352 1225 2602 1292 quoniam

605 1317 741 1366 quae
780 1305 1159 1364 tormentorum
1198 1316 1397 1365 genera
1435 1316 1519 1350 me
1562 1302 1954 1365 comitarentur,
1994 1301 2311 1352 omnimodis
2342 1299 2602 1351 intellexi.

604 1375 758 1424 Haec
798 1381 879 1424 est
915 1375 1116 1424 viarum
1157 1389 1393 1424 mearum
1430 1373 1777 1440 simplicitas,
1830 1374 1968 1424 haec
2006 1376 2345 1424 innocentiae
2383 1374 2602 1440 puritas,

605 1453 659 1496 et
696 1463 871 1497 coram
912 1448 1143 1498 Domino
1185 1453 1239 1498 et
1273 1447 1427 1498 vobis
1467 1447 1837 1498 sacerdotibus
1875 1448 1930 1496 in
1981 1448 2062 1498 his
2110 1447 2355 1498 omnibus
2403 1445 2603 1498 munda

602 1520 963 1573 conscientia’.

1225 1607 1403 1677 (103.)
1477 1611 1734 1662 Particio.

603 1701 731 1752 ‘Sed
766 1717 912 1762 ecce,
954 1717 1019 1750 ex
1046 1701 1269 1753 adverso
1311 1703 1543 1753 occurrit
1582 1703 1996 1769 calumpniator3
2034 1717 2228 1752 vocum
2259 1703 2601 1765 novitatibus,

571 1780 661 1824 -ut
696 1777 865 1824 maior
903 1774 997 1824 fiat
1039 1775 1278 1837 invidia,
1331 1775 1633 1826 delectatus
1681 1773 2014 1840 obloquitur:
2074 1776 2398 1825 “Dominum
2450 1783 2600 1827 tuum

598 1846 895 1906 tradidisti,
955 1850 1156 1897 carceri
1213 1850 1560 1913 mancipasti,
1619 1849 1905 1914 sponsam¹
1949 1850 2062 1898 eius
2101 1849 2353 1914 rapuisti,
2415 1849 2600 1899 sedem

600 1920 889 1985 pervasisti
906 1919 949 1969 !’'

638 2057 641 2060 .
730 2008 908 2078 (104.)
987 2008 1329 2060 Confirmatio
1372 2017 1427 2060 et
1463 2009 1805 2076 reprehensio
1845 2011 2146 2061 alternatim
2186 2011 2445 2076 digestae.

603 2102 775 2152 ‘Itane
816 2117 917 2165 ego
959 2100 1256 2166 dominum,
1310 2103 1458 2152 cuius
1498 2116 1784 2167 numquam
1823 2117 2004 2152 servus
2043 2103 2262 2165 fuerim,
2314 2103 2400 2152 cui
2439 2105 2602 2153 etiam

601 2174 805 2226 nullum
856 2175 1179 2224 sacramenti
1231 2189 1399 2238 genus
1450 2189 1704 2239 umquam
1753 2175 2114 2240 prestiterim?
2176 2177 2295 2226 Etsi
2345 2177 2484 2226 euim
2531 2177 2599 2226 ad

602 2255 812 2315 tempus
837 2247 1122 2297 famulatus
1150 2263 1285 2307 sum,
1311 2248 1443 2297 fecit
1466 2248 1570 2298 hoc
1595 2249 1874 2313 imperium
1902 2249 2071 2314 patris
2097 2251 2201 2298 mei
2226 2248 2600 2312 Adalberonis,

607 2323 699 2387 qui
751 2336 834 2370 me
884 2322 940 2369 in
979 2321 1231 2371 Remensi
1280 2321 1514 2371 ecclesia
1561 2322 1874 2371 commorari
1925 2323 2196 2389 precepit,
2250 2322 2598 2388 quoadusque

604 2392 872 2462 pontificis
911 2396 967 2442 in
1006 2409 1071 2443 ea
1107 2396 1304 2444 sacrati
1341 2410 1513 2444 mores
1554 2400 1810 2459 actusque
1852 2395 2204 2445 dinoscerem.
2282 2395 2436 2457 Quod
2473 2397 2598 2447 dum

606 2470 832 2534 operior,
883 2467 1109 2517 hostium
1160 2466 1328 2532 preda
1378 2467 1552 2518 factus
1591 2483 1724 2533 sum,
1765 2473 1820 2518 et
1857 2484 1994 2534 quae
2032 2474 2212 2518 vestra
2238 2468 2600 2519 munificentia

606 2555 1025 2606 magnorumque
1086 2539 1278 2591 ducum
1338 2542 1560 2606 largitas
1637 2541 1783 2590 clara
1839 2546 1893 2590 et
1964 2543 2222 2608 precipua
2285 2540 2597 2606 contulerat,

603 2614 841 2665 violenta
878 2613 1171 2680 predonum
1224 2630 1409 2664 manus
1461 2612 1682 2665 abstulit
1736 2629 1926 2680 meque
1973 2630 2111 2680 pene
2162 2614 2361 2664 nudum
2399 2614 2598 2680 gladiis

605 2689 715 2739 suis
755 2693 997 2753 ereptum
1038 2686 1223 2738 doluit.
1311 2689 1561 2752 Denique
1598 2694 1880 2754 postquam
1917 2687 2068 2737 illum
2107 2694 2402 2754 apostatam
2445 2688 2597 2740 dere-

604 2762 770 2826 liqui,
818 2761 935 2812 vias
986 2765 1041 2810 et
1074 2762 1268 2810 itinera
1313 2761 1423 2811 eius
1463 2776 1570 2811 non
1607 2761 1888 2811 observavi
1925 2777 2026 2811 nec
2065 2760 2305 2826 quolibet
2342 2763 2501 2813 modo
2547 2763 2598 2812 ei

606 2835 1011 2885 communicavi.
1076 2833 1353 2896 Quomodo
1383 2850 1508 2900 ergo
1538 2850 1658 2884 eum
1684 2833 1898 2899 tradidi,
1935 2835 2042 2900 qur,
2073 2835 2166 2884 ubi
2191 2841 2317 2885 tunc
2343 2837 2598 2901 temporis

601 2908 787 2970 fuerit,
838 2909 1082 2958 nescivi?
1146 2907 1256 2958 Sed
1295 2924 1471 2974 neque
1511 2924 1629 2958 eum
1673 2908 1877 2958 carceri
1928 2909 2262 2974 mancipavi,
2316 2910 2407 2975 qui
2456 2924 2599 2959 nunc

605 2996 773 3046 nuper
822 2981 918 3030 sub
969 2983 1238 3047 presentia
1284 2980 1523 3032 fidelium
1572 2983 1787 3032 testium
1837 2983 2100 3032 seniorem
2140 2997 2315 3032 meum
2356 2983 2599 3045 conveni,

606 3059 665 3102 ut
719 3059 934 3119 propter
960 3070 1066 3107 ¹me
1116 3070 1219 3104 nec
1269 3054 1342 3104 ad
1392 3060 1758 3107 momentuma
1800 3053 1912 3104 ulla
1962 3054 2288 3105 detineretur
2337 3055 2599 3107 custodia.

610 3125 669 3176 Si
708 3127 845 3175 enim
898 3127 1186 3178 auctoritas
1237 3132 1419 3178 vestra
1466 3144 1562 3194 pro
1611 3144 1696 3178 me
1747 3133 1943 3188 staret,
1995 3129 2050 3176 in
2102 3131 2308 3179 tantum
2344 3128 2598 3178 Amulfus

606 3197 908 3260 vilesceret,
946 3204 1005 3249 ut
1041 3200 1170 3249 mihi
1210 3202 1484 3250 minimum
1521 3201 1729 3250 valeret
1765 3201 1972 3250 obesse.
2051 3200 2206 3260 Quod
2245 3203 2290 3250 si
2331 3203 2599 3251 contraria

604 3271 765 3334 mihi,
818 3271 960 3336 quod
998 3271 1167 3331 absit,
1204 3274 1472 3322 sententia
1508 3279 1689 3322 vestra
1729 3272 2073 3331 decerneret,
2113 3271 2243 3336 quid
2281 3288 2402 3322 mea
2437 3274 2598 3324 inter-

610 3350 767 3412 esset,
795 3350 968 3394 utrum
994 3344 1243 3395 Arnulfus
1270 3361 1337 3394 an
1366 3345 1503 3395 alius
1520 3346 1808 3395 Remorum
1838 3346 2248 3395 constitueretur
2279 3346 2600 3412 episcopus?

606 3419 722 3468 Iam
764 3418 831 3467 de
869 3431 1065 3483 sponsa
1102 3423 1258 3483 rapta
1294 3418 1530 3483 sedeque
1569 3434 1796 3483 pervasa
1835 3415 1979 3484 quod
2018 3417 2226 3480 dicitur,
2251 3417 2600 3470 ridiculosum

611 3496 709 3542 est.
783 3491 924 3540 Dico
964 3490 1104 3540 euim
1141 3492 1383 3557 primum,
1422 3507 1710 3556 numquam
1748 3490 1891 3541 illius
1928 3491 2090 3541 fuisse
2127 3506 2394 3558 sponsam,
2439 3508 2599 3557 quam

605 3580 701 3631 pro
738 3563 981 3628 legitima
1020 3563 1304 3614 donatione
1350 3563 1640 3630 spiritualis
1695 3563 1833 3616 dotis
1887 3563 2096 3614 collatis
2148 3570 2270 3614 ante
2321 3563 2598 3615 beneficiis

607 3637 923 3704 expoliavit,
974 3637 1233 3704 proscidit
1281 3653 1346 3687 ac
1400 3637 1695 3688 dilaniavit.
1781 3637 2026 3688 Necdum
2077 3637 2402 3688 sacerdotali
2437 3637 2598 3688 anulo

605 3712 888 3776 insignitus
921 3716 1061 3772 erat,
1102 3716 1155 3760 et
1190 3712 1298 3760 iam
1338 3713 1532 3779 omnia,
1576 3726 1715 3776 quae
1755 3711 2128 3761 denominatae
2167 3727 2395 3777 sponsae
2431 3711 2597 3762 fuisse

608 3784 943 3844 videbantur,
981 3783 1241 3835 satellites
1275 3784 1521 3849 Symouis
1561 3790 1915 3836 vastaverant.
1991 3784 2130 3834 Dico
2171 3786 2349 3846 etiam,
2385 3786 2432 3836 si
2471 3800 2597 3835 con·

609 3859 888 3908 cederetur
925 3856 1165 3923 quolibet
1202 3857 1359 3908 modo
1397 3857 1544 3909 illius
1585 3874 1781 3923 sponsa
1816 3858 1998 3920 fuisse,
2041 3859 2225 3923 utique
2266 3873 2383 3908 esse
2420 3858 2597 3921 desiit,

536 3987 541 3994 ,
609 3935 889 3997 postquam
945 3945 1061 3980 eam
1114 3929 1371 3997 pollutam
1412 3937 1467 3982 et
1502 3930 1760 3982 violatam
1814 3935 1896 3994 et,
1945 3935 2005 3980 ut
2053 3931 2131 3981 ita
2179 3930 2382 3996 dicam,
2437 3931 2596 3982 adul·

607 4009 835 4054 teratam
872 4005 982 4054 suis
1021 4003 1345 4068 predonibus
1382 4005 1685 4070 prostravit.
1757 4005 1896 4054 Num
1933 4004 2096 4068 igitur
2135 4020 2269 4066 eam,
2309 4010 2402 4054 aut
2437 4020 2594 4070 quam

606 4092 711 4129 non
748 4077 949 4140 habuit,
988 4082 1083 4127 aut
1120 4093 1278 4143 quam
1303 4092 1399 4128 suo
1426 4077 1632 4128 scelere
1659 4076 1909 4144 perdidit,
1946 4076 2090 4128 illius
2116 4093 2365 4143 sponsam
2404 4079 2594 4145 rapui?

487 4200 534 4253 a)
567 4202 623 4242 ad
656 4205 878 4244 monitum
910 4205 973 4243 ed.
1888 4202 1943 4271 1)
1981 4205 2016 4256 i.
2058 4220 2104 4255 e.
2144 4203 2446 4258 ecelesiam.

2047 4288 2125 4352 12
