3059 4834
731 267 1036 320 RICHERI
1075 266 1580 320 HISTORIARUM
1619 266 1841 316 LIBER
1879 266 1953 317 ΙΙ.
2376 266 2444 314 41

221 433 304 500 ab
321 445 346 476 ἃ
388 457 539 520 rege
596 436 834 521 gratias
879 435 1024 500 duci
1078 434 1417 498 referentes
1461 454 1539 497 ac
1627 455 1699 497 ro
1740 433 1910 518 regis
1954 431 2215 497 creandi
2256 430 2447 497 advo-
2467 447 2567 490 sss.

223 519 472 583 catione
529 518 794 584 multam
858 519 994 583 eius
1058 519 1406 582 amicitiam
1470 539 1555 602 po
1602 519 1861 582 icenteS.
1970 516 2167 579 Duxb
2231 516 2320 582 ita
2366 539 2448 580 ue

223 625 371 666 cum
419 600 772 668 Galliarum
815 601 1214 688 principibus
1259 601 1588 665 dominum
1630 623 1849 684 regem
1868 613 1891 642 ⁰
1935 601 2285 686 excepturi,
2387 623 2450 664 o·

221 688 480 750 noniam
511 688 794 768 veniunt,
839 708 915 751 ac
960 708 1142 751 secus
1186 687 1361 771 ipsas
1403 684 1659 750 litoreas
1704 706 1927 749 arenas
1957 682 2224 768 collecti,
2266 695 2450 770 tugu-

222 771 464 835 riorum
517 770 810 834 incendio
865 771 1252 856 presentiam
1311 792 1492 834 suam
1511 771 1540 812 ‘¹
1597 770 1674 832 iis
1730 770 1839 855 qui
1893 769 1959 830 in
2014 768 2211 833 altero
2267 768 2449 833 litore

222 864 406 920 erant
476 853 948 919 ostendebante.
1038 853 1139 917 Ibi
1205 854 1372 917 enim
1425 851 1817 918 Adelstanus
1879 874 1997 916 rex
2063 874 2208 916 cum
2272 854 2448 938 regio

225 939 514 1022 equitatu
587 947 882 1022 nepotem
961 936 1454 1024 prestolantibus
1473 938 1494 980 f
1556 935 1757 1001 Gallis
1838 939 2146 1000 missurus
2210 936 2448 1001 aderat.

227 1021 474 1086 Cuius&
517 1023 692 1086 iussu
736 1023 962 1086 domus
1006 1020 1248 1107 aliquot
1289 1043 1653 1104 succensae,
1698 1043 1833 1085 sese
1879 1020 2232 1104 advenisse,
2276 1031 2451 1084 trans

226 1106 452 1190 positis
496 1105 1031 1172 demonstrabant.

224 1225 286 1288 4.
364 1226 603 1310 Hugoh
649 1228 734 1290 eti
787 1225 1018 1314 reliqui
1075 1226 1473 1290 Galliarumh
1515 1225 1837 1311 principes
1881 1225 2325 1290 Ludovicumh
2369 1225 2449 1289 ab

413 1309 649 1375 exilioh
691 1313 1038 1376 revocanth
1083 1311 1346 1396 eiusque
1386 1308 1547 1373 fiunt
1594 1308 1698 1399 [et]
1715 1311 1742 1350 ¹¹
1786 1331 2003 1395 regem
2033 1320 2267 1374 creant.

393 1413 536 1476 Rex
600 1435 751 1499 ergo
812 1412 1106 1478 Odonem
1171 1413 1546 1498 episcopum
1565 1413 1611 1493 *,
1676 1421 1861 1496 post¹
1927 1409 2453 1476 Canthorbricen-

223 1498 432 1561 siumk
490 1497 1067 1583 metropolitanum,
1137 1495 1339 1560 Gallis
1395 1517 1476 1560 ex
1534 1494 1805 1560 adverso
1862 1496 2107 1581 positis,
2169 1495 2449 1580 legatum

223 1581 460 1666 dirigit,
519 1604 809 1667 magnae.
833 1582 1174 1667 aequitatis
1219 1601 1295 1644 ac
1340 1578 1734 1665 eloquentiae
1776 1581 2004 1660 virum,
2049 1579 2452 1644 Ludovicum

223 1687 358 1729 sese
401 1664 672 1730 libenter
719 1665 1066 1728 missurum
1114 1664 1444 1746 mandanS,
1507 1665 1562 1728 si
1606 1672 1781 1728 tanto
1835 1663 2013 1727 illum
2066 1665 2163 1727 inl
2225 1662 2451 1728 Galliis

223 1748 462 1813 honore
512 1760 840 1835 proveant,
892 1757 1128 1834 quanto
1172 1751 1312 1834 ipse
1355 1769 1396 1810 a
1438 1749 1568 1812 suis
1612 1759 1955 1833 provectus
2001 1757 2113 1831 est,
2159 1769 2306 1811 cum
2360 1746 2451 1810 illi

225 1833 414 1897 etiam
458 1845 642 1896 non¹sn
687 1835 897 1896 minus
942 1833 1011 1897 id
1062 1831 1273 1896 facere
1331 1830 1606 1914 valeant,
1667 1831 1859 1917 idque
1914 1831 2323 1896 iureiurando
2383 1854 2450 1895 se

223 1916 502 1981 facturos
550 1917 952 1999 confirment,
1022 1915 1192 2002 quod
1239 1918 1294 1978 si
1334 1913 1598 1997 nolintss,
1646 1938 1783 1980 sese
1827 1916 1925 1980 ei⁰
1972 1916 2266 1979 daturum
2310 1937 2451 1980 suo-

222 2023 364 2064 rum
418 2001 679 2087 aliquod
736 2022 1100 2099 regnorum,
1171 2022 1298 2084 quo
1358 2009 1689 2064 contentus
1748 2009 1812 2063 et
1870 2000 2000 2062 suis
2060 1997 2341 2083 gaudeat
2392 2007 2455 2062 et

223 2083 444 2149 alienis
473 2107 606 2149 non
636 2084 1021 2148 sollicltetur.
1084 2084 1247 2147 Dux
1291 2096 1478 2146 cumP
1521 2081 1781 2168 reliquis
1813 2080 2164 2147 Galliarum
2194 2103 2452 2168 magna-

221 2169 392 2234 tibus
449 2168 517 2231 id
577 2191 715 2232 sese
767 2168 1078 2232 facturum
1136 2168 1379 2248 asserit,
1435 2167 1489 2231 si
1546 2189 1662 2230 rex
1719 2176 1964 2230 creatus
2022 2188 2060 2229 a
2118 2167 2247 2229 suis
2306 2187 2451 2229 con-

223 2251 379 2315 siliis
407 2274 538 2315 non
570 2257 592 2280 *
609 2253 894 2316 absistat.
978 2253 1491 2336 Prosecutusque
1532 2250 1941 2313 iurisiurandi
1984 2261 2449 2315 sacramentum
2468 2255 2546 2310 ἰ).
2580 2259 2680 2302 588·

222 2356 351 2399 non
419 2336 660 2400 abnuit.
747 2334 1032 2419 *Legatus
1090 2336 1306 2419 itaque
1340 2335 1611 2417 redienS,
1674 2335 1812 2418 regi
1870 2333 2237 2419 prestolanti
2291 2335 2448 2398 haec

225 2419 440 2482 omnia
481 2419 689 2484 refert.
790 2418 980 2482 Unde
1014 2428 1077 2483 et
1116 2440 1374 2484 securus
1423 2429 1723 2505 nepotem
1767 2440 1909 2481 cum
1968 2419 2047 2481 iis
2107 2419 2216 2505 qui
2273 2418 2447 2504 apud

223 2525 292 2566 se
385 2503 614 2567 otiores
659 2512 838 2566 erant
877 2501 1113 2567 multa‘l
1156 2503 1502 2588 insignium
1540 2502 1884 2567 ambitione
1913 2501 2183 2566 navibus
2214 2503 2449 2587 dirigit.

221 2525 526 2672 Velisque
591 2608 746 2650 aura
811 2587 1147 2651 commoda
1203 2585 1604 2672 turgentibus
1660 2585 1927 2673 pelagus
1985 2587 2272 2671 ingressi,
2334 2609 2451 2673 per
2522 2643 2525 2646 ,

222 2672 508 2756 quietum
567 2665 1014 2756 spumantibus
1073 2674 1267 2736 remis
1326 2671 1409 2734 ad
1465 2681 1701 2736 terram
1756 2671 2059 2736 feruntur.
2146 2672 2446 2737 Firmatis

218 2776 371 2819 vero
416 2763 596 2840 tergo
642 2776 870 2820 arenae
920 2755 1214 2837 navibuS,
1257 2755 1666 2820 Ludovicusr
1710 2755 2050 2840 egreditur,
2097 2777 2173 2819 ac
2216 2755 2446 2820 ducem

221 2860 367 2902 cum
421 2838 680 2925 reliquis
736 2841 1252 2906 occurrentibus⁰
1305 2841 1653 2925 excipienS,
1707 2841 1845 2905 iure
1898 2841 2279 2904 sacramenti
2323 2838 2447 2903 sibi

219 2921 580 3008 adcopulat.
665 2923 824 2988 Dux
867 2922 1014 2989 inde
1067 2923 1454 3007 accelerans,
1513 2936 1785 3010 sequum
1837 2924 2195 3008 insignibus
2252 2924 2447 3008 regiis

219 3004 598 3071 adornatum
656 3005 936 3072 adducit.
1031 3009 1240 3088 Quem
1299 3031 1446 3072 cum
1503 3009 1796 3074 ascensui
1850 3017 2073 3092 aptare
2115 3006 2322 3090 vellet,
2383 3016 2446 3070 et

217 3089 322 3155 ille
366 3092 705 3178 impatiens
747 3093 816 3154 in
859 3091 1115 3156 diversa
1159 3114 1297 3157 sese
1341 3091 1605 3174 tolleret,
1659 3091 2026 3156 Ludovicus
2069 3091 2224 3176 agili
2268 3089 2446 3156 exili-

217 3175 390 3240 tione
448 3175 802 3262 prosiliens,
861 3197 1024 3261 equo
1083 3178 1388 3263 strepenti
1446 3176 1737 3262 neglecta
1792 3175 2019 3260 stapha
2075 3176 2443 3261 repentinus

218 3258 470 3323 insedit.
559 3260 753 3340 Quod
796 3259 986 3324 etiam
1027 3259 1148 3322 fuit
1200 3261 1493 3326 omnibus
1540 3272 1792 3345 gratum
1837 3280 1912 3323 ac
1950 3258 2189 3326 multae
2233 3268 2444 3342 gratu-

217 3343 472 3407 lationis
536 3346 928 3429 provocatio.
1013 3343 1210 3409 Cuius
1273 3365 1453 3408 arma
1517 3345 1651 3408 dux
1716 3343 2070 3426 suscipiens
2088 3389 2103 3422 ,
2170 3343 2374 3487 armig
2413 3364 2445 3403 r

217 3426 628 3514 precedebat,
693 3429 897 3493 donec
949 3427 1158 3492 iussus
1212 3427 1616 3512 magnatibus
1630 3430 1687 3460 ²⁸¹*
1749 3426 2101 3491 Galliarum
2162 3435 2347 3489 contu
2374 3425 2442 3488 it.

369 3590 416 3655 ¹⁸)
453 3590 689 3656 legatum
731 3591 973 3644 Odonem
1012 3591 1262 3642 abbatem
1305 3593 1355 3641 1.

341 3662 414 3732 **)
453 3665 737 3716 Heriberto
779 3665 959 3715 comiti
999 3662 1174 3726 dedit3
1226 3664 1318 3714 ille
1359 3679 1570 3730 quoque
1621 3663 1808 3714 tandiu
1860 3663 2217 3742 armigeravit,
2274 3663 2445 3714 donec

461 3744 514 3788 et
549 3739 665 3804 ipse
697 3741 869 3790 iussus
896 3737 1117 3788 Arnulfo
1159 3739 1342 3788 comiti
1378 3736 1645 3788 redderet.
1724 3737 1814 3788 Sic
1853 3751 2065 3803 quoque
2105 3737 2444 3802 magnatibus

459 3811 757 3863 Galliarum
794 3811 1142 3863 militantibus
1183 3827 1229 3863 c.
1270 3829 1339 3864 m.
1379 3827 1428 3860 a.
1468 3809 1641 3861 Laud.
1683 3811 1734 3861 d.
1775 3826 1823 3863 e.
1870 3813 1917 3860 1.

338 3918 384 3972 a)
417 3922 538 3970 regis
573 3925 612 3962 1.
751 3920 797 3973 b)
823 3921 881 3960 D.
912 3922 944 3964 i.
977 3931 1015 3962 c.
1052 3919 1106 3964 G.
1138 3921 1186 3961 in
1217 3921 1306 3961 loco
1336 3931 1453 3962 raso.
1588 3918 1628 3972 c)
1651 3925 1752 3970 post
1783 3921 1881 3962 add.
2014 3917 2061 3971 d)
2094 3919 2235 3960 etiam
2266 3919 2365 3961 add.
2402 3921 2443 3959 1.

217 3978 264 4032 e)
297 3981 568 4021 ostendebat
597 3993 631 4022 ο.
753 3979 792 4032 f)
823 3991 869 4032 p.
904 3979 958 4022 G.
989 3984 1087 4030 poet
1117 3981 1218 4020 add.
1337 3978 1384 4032 g)
1418 3980 1558 4020 etiam
1588 3979 1687 4021 add.
1724 3982 1765 4022 1.
1887 3977 1935 4030 h)
1968 3979 2058 4030 Hu,
2092 3979 2195 4030 Gal,
2227 3979 2279 4028 L,
2311 3979 2368 4018 ab
2402 3989 2443 4029 e,

218 4049 288 4090 ca,
335 4042 381 4078 et
426 4039 537 4079 abac.
673 4037 708 4091 i)
758 4050 815 4080 ex
860 4040 1050 4089 reliquis
1096 4069 1109 4082 .
1143 4069 1154 4080 .
1188 4071 1199 4082 .
1247 4039 1535 4090 principibus
1585 4041 1628 4079 1.
1797 4037 1847 4090 k)
1896 4038 2355 4080 canthorbricensem
2403 4040 2443 4080 1.

217 4094 250 4148 l)
286 4098 335 4137 in
370 4096 422 4139 G.
461 4103 562 4147 post
593 4099 692 4138 add.
813 4097 878 4152 m)
910 4099 1112 4149 amplius
1143 4099 1192 4139 id
1223 4101 1262 4141 1.
1385 4097 1433 4149 n)
1467 4098 1632 4138 nolunt
1664 4100 1704 4137 1.
1827 4095 1873 4149 o)
1906 4098 1977 4137 illi
2010 4100 2049 4141 1.
2169 4095 2218 4149 p)
2252 4109 2306 4138 ac
2337 4098 2445 4138 reli-

217 4157 299 4205 qui
332 4155 386 4196 G.
417 4161 658 4205 magnates
690 4160 731 4199 1.
851 4156 898 4210 q)
932 4159 1166 4199 navalium
1198 4159 1276 4199 del.
1405 4156 1446 4209 r)
1478 4167 1559 4198 rex
1591 4160 1631 4198 1.
1750 4155 1788 4209 s)
1824 4157 2003 4206 regium
2034 4157 2115 4201 del,

369 4253 424 4318 1)
462 4253 528 4304 A.
571 4252 693 4304 942.
734 4241 1167 4322 archiepiscopus
1209 4254 1528 4307 Cantusriae
1568 4253 1743 4307 factus
1784 4260 1881 4308 est.
