3059 4834
397 1035 415 1052 ·
428 1049 475 1087 p.
508 1038 609 1078 640.

626 267 730 314 146
1099 261 1405 314 RICHERI
1442 260 1946 312 HISTORIARUM
1985 262 2208 313 LIBER
2244 263 2380 313 1111.

622 431 784 498 velle
841 428 1257 495 reconciliari.
1361 427 1501 492 Sibi
1551 429 1739 491 etiam
1792 428 2060 492 iniuriae
2103 451 2261 510 esse,
2307 430 2480 515 quod
2528 431 2872 516 transfuga

627 525 691 580 et
746 515 1030 578 desertor
1092 511 1425 589 diceretur,
1492 533 1568 575 eo
1627 510 1799 596 quod
1855 511 2095 576 Karolo
2139 522 2285 597 post
2343 513 2538 578 fidem
2581 515 2822 578 factam
2843 528 2866 560 ¹

627 621 756 663 non
812 597 1152 662 obsecutus
1210 597 1307 658 sit.
1395 595 1485 658 Et
1526 597 1580 659 si
1630 615 1904 658 vacuum
1955 595 2076 658 sibi
2119 605 2302 677 esset,
2359 619 2400 660 a
2443 620 2511 661 se
2555 597 2626 661 id
2670 597 2869 663 dede-

629 684 791 747 coris
849 678 1011 746 velle
1066 680 1337 744 abicere.
1422 676 1529 742 Ad
1589 680 1724 742 eius
1783 677 2221 744 celsitudinem
2275 680 2484 744 redire
2543 681 2738 764 velle,
2800 693 2870 746 et

628 765 852 830 Karoli
906 765 1254 828 amicitiam
1304 771 1523 847 utpote
1583 761 1824 825 domini
1867 785 2004 827 sese
2049 773 2289 848 optare.
2379 764 2574 828 Unde
2625 775 2691 828 et
2741 767 2870 830 sibi

630 870 1031 950 quocumque
1074 847 1325 910 libitum
1381 846 1545 909 foret
1601 845 2068 910 occurrendum
2118 847 2466 912 mandaret.
2552 848 2870 914 Amulfus

630 931 991 998 simulatam
1030 931 1224 995 fidem
1266 931 1575 1011 nesciens,
1615 928 1860 1014 legatos
1901 929 2187 994 fallentes
2229 933 2500 1017 excipit3
2547 941 2612 996 et
2639 943 2869 1018 utpote

628 1018 783 1083 boni
823 1015 1087 1080 alicuius
1131 1019 1154 1043 *
1169 1014 1425 1078 nuntios
1466 1013 1919 1078 humanissime
1962 1013 2245 1078 honorat.
2315 1015 2440 1080 Per
2481 1015 2601 1079 hos
2645 1017 2870 1102 itaque

626 1101 859 1181 locum,
919 1121 1043 1184 quo
1100 1097 1427 1162 occursuri
1484 1107 1549 1160 et
1604 1098 1726 1162 sibi
1784 1095 2152 1162 collocuturi
2192 1098 2416 1181 forent,
2475 1099 2869 1164 letabundus

628 1184 938 1269 designat.
1002 1181 1104 1246 Illi
1148 1204 1213 1246 se
1258 1180 1586 1266 decepisse
1625 1179 1818 1262 letati,
1859 1182 2018 1246 haec
2062 1181 2318 1245 domino
2362 1184 2664 1248 referunt.
2733 1185 2870 1264 Qui

628 1268 904 1333 fallatiae
970 1267 1379 1330 seminarium
1443 1264 1681 1328 utiliter
1741 1266 2019 1349 positum
2085 1265 2494 1330 considerans
2519 1316 2535 1347 ,
2603 1267 2870 1332 alcioris

630 1351 1127 1417 machinamenti
1185 1348 1363 1413 dolos
1414 1347 1671 1434 prodire
1726 1370 1917 1432 posse
1975 1347 2266 1414 advertit.
2373 1350 2526 1413 Post
2579 1352 2743 1416 haec
2801 1353 2870 1415 in

628 1435 839 1500 locum
896 1442 1201 1498 statutum
1258 1433 1382 1497 sibi
1440 1441 1813 1512 occurrunt3
1873 1431 2274 1530 amplexibus
2325 1431 2615 1518 pluribus
2671 1445 2870 1520 atque

632 1518 864 1584 osculis
909 1517 1032 1582 sibi
1076 1514 1614 1601 congratulantes3
1657 1524 1865 1578 tantos
1908 1516 1999 1580 ib1
2043 1515 2546 1581 demonstrantes
2589 1519 2868 1584 affectus

629 1603 847 1683 animi,
892 1610 965 1663 ut
1003 1598 1175 1663 nulla
1218 1597 1554 1680 simulatiO,
1597 1596 1804 1662 nullus
1847 1596 2029 1662 dolus
2071 1599 2410 1665 videretur.

1046 1701 1148 1766 42.
1234 1699 1700 1765 Adalberonisa
1745 1697 1965 1762 dolosa
2006 1701 2391 1765 machinatio
2409 1712 2450 1759 ¹¹.

800 1804 887 1866 At
926 1811 1075 1886 post
1120 1822 1265 1862 uam
1310 1801 1463 1864 satis
1505 1799 2068 1886 amplexationum,
2129 1802 2489 1867 osculorum
2531 1806 2685 1868 satis
2727 1805 2866 1869 fac-

628 1898 766 1952 tum
809 1895 922 1966 est,
966 1823 1308 1964 Adglbero,
1352 1906 1548 1968 penes
1620 1907 1766 1948 uem
1798 1883 2213 1950 simulationis
2243 1889 2418 1951 color
2446 1896 2510 1952 et
2537 1886 2669 1951 doli
2701 1910 2867 1954 onus

632 1980 786 2051 erat,
844 1971 1169 2033 incautum
1216 1967 1306 2030 sic
1350 1968 1525 2052 prior
1577 1991 1616 2031 a
1664 1970 1945 2053 oquitur:
2005 1969 2202 2033 ‘Idem
2262 1993 2443 2035 casus
2503 1971 2867 2059 eademque

628 2055 880 2119 fortuna
920 2051 1145 2116 ambos
1188 2073 1305 2115 nos
1348 2050 1510 2116 male
1553 2053 1936 2136 perstringit.
2000 2052 2189 2117 Unde
2234 2065 2296 2118 et
2323 2056 2492 2119 idem
2523 2055 2866 2120 consilium

631 2137 1025 2222 eademqueb
1068 2137 1229 2199 ratio
1272 2133 1457 2198 nobis
1501 2135 1816 2220 captanda
1855 2135 2124 2200 videtur.
2195 2137 2418 2224 Nuper
2461 2140 2634 2203 enim
2667 2138 2864 2204 ambo

628 2222 812 2308 lapsi,
853 2242 970 2284 vos
1013 2219 1095 2283 ab
1202 2219 1331 2282 atia
1358 2219 1547 2303 regis,
1591 2241 1711 2302 ego
1743 2241 1782 2282 a
1808 2218 2032 2282 Karoli
2061 2221 2337 2285 amicitia
2366 2221 2598 2287 decidi.
2669 2223 2866 2288 Unde

632 2315 694 2371 et
733 2325 902 2367 nunc
944 2325 1059 2367 vos
1170 2301 1363 2382 arolO,
1420 2323 1540 2386 ego
1596 2303 1733 2386 regi
1782 2301 1985 2366 faveo.
2086 2303 2201 2368 Ille
2255 2305 2472 2388 vobis,
2528 2306 2649 2370 iste
2703 2308 2865 2371 mihi

629 2388 1100 2475 promptissime
1159 2385 1374 2450 credit.
1478 2385 1549 2450 Si
1604 2387 1818 2471 itaque
1875 2408 1992 2471 per
2047 2409 2160 2451 vos
2203 2387 2426 2452 Karoli
2479 2412 2663 2453 amor
2706 2391 2865 2454 mihi

628 2474 1024 2552 restituatur,
1082 2471 1252 2554 regis
1308 2470 1514 2552 gratia
1568 2468 1750 2533 vobis
1806 2491 1935 2532 non
1993 2469 2214 2536 aberit.
2327 2473 2518 2552 Quod
2575 2483 2639 2537 et
2692 2475 2863 2538 facto

630 2555 884 2620 difficile
926 2577 1057 2618 non
1100 2557 1237 2619 erit.
1321 2552 1634 2616 Karolum
1689 2555 1711 2615 i
1759 2553 1883 2616 itur
1940 2556 2292 2636 convenite,
2348 2565 2410 2620 et
2451 2578 2569 2641 pro
2624 2580 2750 2638 me,
2810 2559 2866 2622 si

627 2641 786 2704 forte
832 2639 1215 2703 concesserit
1278 2647 1471 2700 orate.
1558 2636 1662 2700 De
1713 2575 1839 2700 {de
1896 2658 2048 2734 erga
2105 2661 2249 2702 eum
2307 2638 2603 2705 habenda
2659 2640 2866 2706 multa

627 2723 839 2786 dicere
883 2743 1011 2785 non
1052 2686 1272 2784 inutile
1318 2723 1452 2785 erit.
1517 2721 1622 2783 De
1667 2719 1898 2805 quibus
1940 2743 1993 2784 sl
2038 2723 2192 2806 quid
2234 2723 2293 2786 ei
2336 2721 2604 2788 dubium
2649 2727 2865 2790 visum

626 2805 833 2887 fuerit,
876 2815 1040 2889 post,
1085 2804 1293 2885 dicite,
1385 2803 1744 2866 robandum
1794 2807 2222 2870 sacramentis.
2300 2805 2369 2870 Si
2398 2806 2496 2870 his
2526 2809 2865 2895 episcopa-

628 2899 771 2954 tus⁰
833 2887 1182 2952 reddiderit
1239 2909 1305 2950 se
1354 2909 1473 2968 em,
1516 2887 1728 2950 adsint
1783 2897 2144 2951 sanctorum
2201 2888 2316 2953 reli
2362 2892 2534 2974 uiae3
2597 2905 2864 2977 paratus

630 2995 771 3036 sum
812 2970 1007 3034 fidem
1049 2970 1277 3034 facere.
1367 2969 1435 3034 Si
1479 2968 1600 3032 1100
1659 2971 1810 3032 satis
1855 2973 1974 3034 erit
2015 2981 2078 3035 et
2129 2972 2311 3036 reddi
2360 2975 2494 3056 erit,
2549 2975 2627 3040 de
2687 2979 2865 3060 regis

628 3056 835 3139 gratia
875 3051 1217 3139 plurimum
1262 3052 1580 3116 confidite.
1666 3054 1744 3115 In
1785 3052 1904 3116 hac
1947 3052 2165 3138 lingua
2208 3067 2270 3121 et
2313 3080 2510 3121 manu
2549 3081 2684 3144 pax
2739 3062 2867 3124 sita

630 3148 727 3202 est
790 3147 852 3202 et
913 3135 1304 3203 dissidentia.
1417 3137 1660 3220 Regem
1727 3135 1937 3201 adibo.
2046 3138 2468 3204 Commodum
2535 3143 2866 3228 quoddam

628 3220 979 3307 spondebo,
1025 3221 1195 3306 quod
1237 3242 1363 3284 non
1408 3219 1614 3284 solum
1673 3220 1814 3302 sibi,
1861 3221 1973 3284 sed
2017 3232 2078 3287 et
2119 3225 2390 3308 posteris
2450 3227 2532 3290 sit
2573 3227 2866 3311 profutu-

626 3329 787 3371 rum.
875 3303 1079 3369 Dolos
1121 3302 1345 3368 Karoli
1386 3304 1724 3388 proferam.
1810 3305 2070 3369 Incauto
2123 3307 2313 3370 nimis
2371 3309 2864 3394 metropolitano

673 3389 1041 3454 reiuditium
1081 3388 1319 3452 factum
1364 3410 1662 3452 asseram.
1728 3387 1814 3452 Et
1859 3389 2032 3474 quod
2075 3393 2328 3487 penitus
2373 3391 2496 3455 hoc
2538 3403 2865 3479 metropo-

674 3483 893 3537 tanum
935 3473 1234 3557 peniteat,
1278 3471 1594 3536 nonnullis
1625 3471 2222 3557 amplificatiombus
2251 3475 2652 3540 asseverabo.
2720 3479 2869 3542 Rex

632 3567 853 3640 suapte
915 3554 1071 3618 mihi
1142 3555 1435 3619 credulus
1498 3557 1621 3619 hoc
1674 3556 2106 3640 gratissimum
2165 3558 2452 3643 accipiet.
2564 3559 2652 3622 Et
2711 3563 2870 3647 quia

627 3639 787 3702 haec
842 3639 1003 3702 ratio
1061 3639 1379 3722 utrimque
1434 3640 1794 3724 agitabitur,
1862 3640 2031 3703 dduo
2099 3641 2432 3705 commoda
2496 3645 2867 3727 gignentur.

627 3722 737 3786 Ex
782 3722 1011 3807 quibus
1055 3720 1305 3785 duobus
1334 3724 1590 3787 tertium
1620 3722 1911 3787 elucebit.
1976 3721 2142 3787 Nam
2173 3746 2320 3788 cum
2350 3737 2412 3789 et
2439 3726 2626 3790 vobis
2655 3731 2870 3812 gratia

629 3829 697 3870 re
900 3814 962 3869 et
999 3804 1155 3869 mihi
1196 3804 1417 3869 Karoli
1445 3806 1762 3887 reddetur,
1811 3829 1926 3892 per
1952 3828 2068 3870 nos
2099 3829 2290 3872 conse
2337 3820 2559 3874 uenter
2589 3809 2868 3876 aliorum

628 3911 673 3952 u
704 3891 718 3904 ⁸
750 3891 867 3954 'tas
912 3890 1401 3974 comparabitur.
1470 3889 1600 3954 Sed
1644 3890 1745 3953 hic
1781 3891 1908 3953 iam
1939 3889 2277 3954 verborum
2352 3892 2484 3974 nis;
2529 3895 2660 3958 iam
2692 3919 2869 3960 nunc

631 3972 835 4037 dietae
877 3973 1059 4037 factis
1104 3970 1485 4057 probentur'.
1574 3972 1890 4058 Datisque
1934 3975 2198 4038 strictim
2243 3974 2496 4057 oscuHS,
2540 3981 2871 4062 promissa

631 4055 916 4140 polliciti,
962 4056 1042 4121 ab
1089 4077 1156 4119 se
1200 4055 1468 4141 digressi
1512 4067 1660 4120 sunt
1677 4057 1711 4120 f.
2155 4085 2160 4088 ·

745 4181 791 4234 a)
822 4179 1185 4234 Ad(alberonis),
1219 4179 1401 4221 machin
1432 4183 1545 4222 abac.
1665 4181 1712 4234 b)
1747 4187 1790 4222 et
1823 4183 1862 4221 1.
1992 4181 2033 4233 0)
2067 4185 2384 4234 episcopatum
2417 4187 2457 4226 1.
2606 4185 2652 4237 d)
2691 4199 2751 4228 ex
2785 4192 2870 4233 del.

630 4237 674 4290 e)
709 4240 842 4281 dictis
877 4243 913 4279 1.
1034 4239 1068 4289 f)
1102 4240 1421 4280 abscesserunt
1450 4252 1664 4292 super-scr.
1697 4241 1752 4280 ab
1784 4252 1833 4280 se
1865 4241 2059 4291 digressi
2089 4247 2209 4286 sunt.

782 4322 838 4390 1)
876 4323 1030 4374 Haec
1072 4339 1190 4374 cum
1232 4339 1278 4375 0.
1320 4323 1406 4374 16.
1448 4330 1501 4376 et
1540 4326 1627 4376 20.
1667 4341 1906 4392 pugnare
1945 4326 2210 4377 videntur.
