3059 4834
541 283 620 333 VI
672 335 683 344 ,
1036 280 1345 332 RIOHERI
1381 280 1888 335 HISTORIARUM
1923 284 2126 334 LIBRI
2170 281 2306 334 IIII.

542 449 948 516 Adalberoni
992 452 1478 536 archiepiscopo
1524 475 1566 514 a
1612 452 1908 515 consiliis
1951 461 2124 532 esset,
2171 460 2360 534 atque
2401 451 2764 531 itineribus,

545 535 833 622 epistolis
876 543 933 598 et
973 537 1347 620 mayisterio
1393 537 1658 600 summis
1685 538 1756 599 in
1793 533 2038 615 Gallia,
2086 533 2447 599 Germania
2477 543 2534 597 et
2561 533 2765 597 Italia

544 621 710 682 viris
744 618 1222 703 familiaritate
1252 622 1670 706 junqeretur,
1732 623 2042 704 optimam
2085 620 2323 704 juveni
2376 640 2595 682 rerum
2656 620 2766 682 sui

542 713 664 768 tem
716 706 849 768 oris
912 704 1504 788 coynoscendarum
1577 713 1636 766 et
1753 703 2313 788 erspiciendarum
2368 701 2765 786 facultatem

546 787 624 850 de
674 789 743 856 it.
829 787 1088 851 Medias
1130 797 1343 850 tamen
1384 789 1556 850 inter
1597 797 1706 850 tur
1747 809 1841 868 as,
1929 809 2056 851 uae
2099 785 2496 850 Karolorum
2541 809 2765 850 casum

544 881 602 934 et
644 875 799 936 novi
841 873 1033 956 reqni
1074 873 1275 936 initia
1318 871 1816 952 comitabantur,
1926 873 2184 935 icherus
2215 872 2350 934 arti
2375 869 2660 934 medicae
2699 892 2762 932 se

545 956 829 1032 addiscit,
888 978 1083 1042 quam
1142 977 1267 1040 quo
1326 955 1542 1019 studio
1587 957 1670 1019 sit
1713 955 2068 1040 amplexus,
2125 977 2206 1019 ex
2237 953 2554 1040 plurimis
2595 977 2763 1018 mor-

544 1039 770 1103 borum
814 1039 1361 1124 descriptionibus
1408 1041 1591 1123 operi
1631 1041 1941 1103 insertis¹
1987 1037 2337 1125 colliqitur.
2402 1038 2595 1102 Anno
2619 1037 2761 1102 991.

542 1145 755 1191 mense
814 1124 1060 1186 Martio
1127 1122 1206 1186 ab
1269 1124 1477 1188 amico
1537 1123 1980 1203 HeribrandO,
2042 1123 2308 1202 medicO,
2379 1121 2766 1186 Carnotensi

544 1205 795 1288 clerico,
837 1206 1066 1271 litteris
1098 1217 1155 1271 et
1181 1208 1393 1292 leqato
1426 1210 1793 1290 arcessitus,
1830 1207 2184 1272 Carnotum
2215 1207 2405 1287 adiit,
2437 1206 2550 1270 ubi
2581 1206 2765 1290 apud

542 1314 824 1377 magnae
874 1290 1289 1355 liberalitatis
1342 1300 1400 1354 et
1455 1294 1763 1356 scientiae
1817 1293 2033 1354 virum
2079 1292 2510 1376 Hippocratis
2565 1291 2765 1374 apho-

542 1377 778 1440 rismos
836 1383 893 1437 et
944 1374 1181 1438 librum
1237 1375 1316 1438 de
1368 1377 1723 1440 concordia
1769 1377 2202 1460 Hippocratis
2249 1373 2490 1438 Galeni
2533 1383 2591 1438 et
2635 1373 2762 1438 Su-

542 1461 728 1524 riani
770 1459 1131 1522 studiosius
1190 1458 1453 1540 evolvit,·
1513 1462 1704 1543 cujus
1760 1461 2017 1523 itineris
2077 1459 2400 1522 molestias
2453 1460 2595 1542 ipse
2655 1480 2762 1522 ex-

538 1545 765 1628 posuit
783 1553 826 1604 2.
910 1540 1120 1605 Paulo
1155 1551 1313 1627 post
1354 1566 1518 1624 cum,
1563 1542 1874 1626 Arnulf'o,
1920 1543 2354 1606 Adalberonis
2387 1564 2764 1620 successore,

541 1627 853 1711 deposito,
922 1624 1269 1690 Gerbertus
1322 1649 1550 1712 requm
1608 1627 1914 1711 Huqonis
1969 1636 2026 1689 et
2078 1627 2386 1705 Rotberti,
2453 1625 2620 1688 disci
2671 1625 2766 1688 uli

544 1712 669 1791 sui,
693 1709 943 1794 favore
974 1711 1608 1794 archiepiscopatum
1637 1711 2010 1774 Remensem
2039 1712 2439 1794 suscepisset,
2482 1649 2764 1773 Richero

544 1795 855 1858 historiae
903 1791 1241 1858 Gallorum
1285 1794 1787 1858 conscribendae
1834 1803 2062 1859 auctor
2098 1795 2334 1878 factus
2377 1804 2485 1857 est.
2578 1791 2766 1867 Quod

543 1878 801 1962 quidem
844 1901 1080 1942 munus
1125 1879 1218 1943 ‘ob
1262 1900 1575 1942 summam
1619 1900 1818 1962 quam
1862 1877 2094 1964 afferre
2137 1878 2480 1942 videbatur
2523 1878 2766 1942 utilita-

543 1971 663 2025 tem
726 1971 785 2025 et
843 1965 1157 2028 materiae
1221 1962 1570 2027 ubertatem
1628 1986 1696 2027 eo
1765 1965 1976 2026 animi
2040 1964 2194 2026 nisu
2260 1963 2564 2046 suscepit,
2632 1984 2765 2044 qua

531 2046 823 2131 jubentis
876 2048 1048 2110 mira
1109 2045 1538 2111 benivolentia
1594 2069 1657 2110 se
1709 2049 2025 2132 pertrahi'
2074 2047 2234 2111 dicit
2251 2056 2294 2127 ⁸,
2356 2048 2765 2132 triennioque

548 2128 836 2196 absolvit.
924 2129 1263 2216 Siquidem
1307 2134 1509 2195 annis
1551 2129 1696 2196 995.
1727 2141 1784 2194 et
1811 2130 1954 2195 996.
1985 2131 2234 2196 litteras
2265 2131 2354 2193 ad
2389 2128 2764 2194 Gerbertum

321 2231 395 2287 ⁸1».
427 2236 528 2278 568.
548 2217 731 2298 operi
766 2214 1128 2300 praefloeas,
1175 2215 1452 2280 *librum
1482 2216 1534 2278 I.
1581 2225 1637 2280 et
1679 2216 1836 2280 libri
1863 2216 1954 2278 II.
2001 2220 2228 2302 capita
2265 2215 2488 2295 1—78,
2533 2214 2766 2300 quibus

542 2301 820 2363 historia
865 2322 1066 2384 usque
1110 2299 1202 2363 ad
1245 2324 1495 2364 annum
1530 2299 1673 2364 948.
1693 2301 2122 2446 perducitur,
2169 2300 2575 2382 conscripsit,
2618 2297 2765 2360 reli-

585 2407 676 2447 ua
720 2383 875 2447 libri
918 2383 1006 2446 ΙΙ.
1052 2408 1131 2448 ca
1180 2386 1296 2465 ita,
1339 2382 1578 2448 librum
1618 2384 1702 2446 II
1727 2430 1743 2446 .
1789 2394 1846 2448 et
1889 2385 2003 2448 IV.
2051 2386 2392 2448 historiam
2437 2403 2764 2444 annorum

544 2407 895 2531 348—995.
940 2490 1119 2553 comp
1148 2463 1320 2548 eccos,
1366 2471 1568 2531 annis
1608 2466 1962 2532 996—998.
1995 2469 2332 2532 addidisse
2363 2475 2421 2529 et
2446 2475 2583 2527 tum
2612 2487 2762 2547 quo-

544 2574 664 2697 qug
706 2560 905 2664 totum
935 2572 1100 2636 opus
1128 2560 1513 2615 retractasse
1557 2550 1972 2637 ultimamque
2015 2553 2076 2615 ei
2101 2573 2371 2614 manum
2401 2549 2761 2612 admovisse

544 2636 612 2697 vi
660 2643 801 2697 etur
850 2679 866 2696 .

618 2713 623 2716 ¹
714 2715 1071 2782 Consilium
1116 2727 1171 2780 et
1212 2719 1533 2782 rationem
1577 2719 1792 2802 operis
1821 2720 1963 2802 ipse
1989 2715 2345 2801 praefatus
2373 2717 2470 2779 ita
2547 2715 2760 2778 rodit:

538 2798 719 2864 Bella
760 2823 799 2864 a
830 2798 1032 2864 Gallis
1076 2811 1323 2900 patrata
1364 2802 1703 2886 variosque
1747 2823 1968 2865 eorum
2009 2799 2314 2864 tumultus
2357 2821 2434 2862 ac
2479 2737 2762 2862 diversas

538 2885 939 2970 negotiorum
982 2896 1257 2949 ratlones
1286 2885 1369 2948 ad
1398 2887 1772 2949 memoriam
1799 2883 2102 2949 reducere
2135 2885 2370 2968 scripto
2403 2881 2764 2969 specialiter

538 2970 936 3054 propositum
980 2978 1091 3034 est.
1179 2969 1249 3034 Si
1293 2990 1420 3054 qua
1458 2991 1611 3034 vero
1656 2968 1924 3033 aliorum
1969 2969 2324 3048 efferantur,
2368 2966 2450 3031 ob
2480 2964 2762 3032 inciden-

539 3063 634 3117 tes
677 3054 972 3134 rationeS,
1019 3075 1181 3138 quae
1223 3053 1412 3117 vitari
1449 3075 1580 3116 non
1635 3063 1994 3139 potuerunt,
2049 3051 2117 3116 id
2159 3053 2445 3117 evenisse
2482 3061 2760 3136 putetur.

540 3137 815 3201 Initium
860 3139 1077 3221 operis
1121 3138 1201 3201 ab
1233 3160 1303 3202 eo
1332 3148 1611 3222 tempore
1655 3139 1900 3218 sumsit,
1945 3160 2070 3224 quo
2103 3139 2508 3202 Hincmarus
2545 3158 2758 3199 anna·

538 3222 709 3286 libus
776 3223 917 3285 suis
962 3219 1168 3302 finem
1231 3222 1499 3286 dederat
1519 3233 1565 3284 ⁵.
1652 3223 1736 3284 Et
1791 3245 1934 3286 cum
1975 3246 2104 3307 per
2158 3231 2408 3286 centum
2473 3219 2761 3304 amplius

542 3329 751 3370 annos
793 3305 1032 3370 librum
1076 3306 1523 3370 deducendum
1557 3315 1973 3390 proponeret,
2015 3305 2189 3372 Julii
2223 3305 2528 3370 Caesaris
2558 3325 2761 3366 eoeem-
2807 3321 2812 3328 ·

529 3390 649 3476 plo
696 3415 737 3454 a
782 3391 1106 3454 divisione
1148 3389 1341 3454 Orbis
1386 3400 1442 3452 et
1486 3390 1915 3474 descriptione
1947 3389 2204 3454 Galliae
2241 3387 2762 3474 populorumque

539 3497 681 3538 eam
723 3471 1143 3539 incolentium
1185 3484 1534 3556 eworsus⁶‚
1583 3475 1921 3538 historiam
1977 3474 2224 3538 Odonis
2267 3482 2326 3536 et
2366 3472 2604 3537 Karoli
2644 3470 2760 3534 IV.

690 3597 744 3665 1)
786 3617 833 3650 e.
858 3617 914 3666 g.
941 3601 987 3661 I,
1020 3601 1104 3650 11.
1137 3601 1223 3652 13.
1254 3599 1338 3650 18.
1367 3601 1454 3652 49.
1478 3600 1564 3650 56.
1589 3601 1676 3651 65.
1717 3601 1794 3662 ΙΙ,
1815 3601 1904 3654 37.
1930 3600 2019 3652 46.
2044 3601 2132 3652 59.
2157 3601 2244 3651 99.
2271 3601 2392 3650 103.
2430 3599 2538 3662 ΙΙΙ,
2563 3599 2628 3647 13
2671 3597 2761 3648 96.

544 3673 665 3723 109.
737 3673 833 3734 IV,
861 3673 913 3725 5.
934 3673 1020 3723 24.
1042 3675 1113 3723 50
1134 3690 1253 3740 sqq.
1292 3675 1380 3724 94.
1530 3671 1588 3739 2)
1628 3675 1722 3734 IV,
1762 3675 1848 3726 50.
1995 3672 2056 3738 3)
2087 3674 2364 3738 ProloguS.
2513 3670 2571 3738 4)
2605 3673 2762 3722 Haec

540 3746 666 3796 inde
704 3745 899 3811 efficio,
950 3747 1109 3812 quod,
1162 3763 1281 3797 cum
1331 3749 1474 3813 prior
1499 3748 1674 3814 operis
1700 3764 1822 3814 pars
1849 3752 2142 3798 atramento
2180 3748 2348 3813 fusco,
2387 3746 2596 3812 reliqua
2635 3745 2760 3796 inde

542 3835 574 3868 a
606 3821 781 3886 capite
812 3820 899 3870 79.
937 3820 1060 3869 libri
1096 3821 1171 3870 11.
1214 3821 1453 3884 nigriori,
1492 3837 1597 3886 quo
1639 3827 1691 3870 et
1731 3823 2088 3871 correctiones
2127 3827 2179 3870 et
2215 3820 2580 3870 additamenta
2617 3821 2764 3886 prio·
2867 3882 2873 3886 -

538 3894 610 3944 ris
647 3894 835 3960 partie,
896 3895 1198 3958 conscripta
1233 3895 1353 3960 sint,
1396 3894 1584 3943 eadem
1625 3895 1903 3944 atramenti
1944 3893 2225 3944 diversitas
2263 3895 2319 3943 in
2357 3895 2558 3944 notitiis
2599 3892 2760 3943 histo·

536 3967 663 4017 riuis
703 3965 1001 4029 offenditur,
1062 3981 1199 4032 quae
1236 3967 1455 4016 ultimae
1496 3967 1700 4018 codicis
1739 3969 1970 4033 paginae
2011 3982 2040 4016 a
2080 3967 2309 4017 Richero
2347 3966 2551 4029 illatae,
2603 3980 2757 4032 prae-

540 4040 699 4106 cipua
724 4055 979 4090 annorum
1005 4041 1129 4090 995.
1158 4045 1211 4090 et
1237 4039 1358 4088 996.
1391 4041 1534 4090 facta
1573 4047 1865 4091 atramento
1905 4041 2052 4090 fusco
2094 4046 2147 4091 et
2183 4041 2274 4089 vix
2309 4040 2557 4104 legendo,
2601 4037 2758 4105 quale

538 4113 595 4162 in
633 4114 804 4180 prima
841 4119 991 4179 parte
1041 4114 1215 4179 operis
1264 4115 1507 4176 occurrit,
1565 4113 1773 4179 reliqua
1827 4128 2083 4164 annorum
2139 4113 2482 4164 996-998.
2523 4112 2760 4177 nigriori,

543 4187 687 4252 quali
712 4187 920 4253 reliqua
950 4188 1124 4251 operis
1152 4191 1206 4237 et
1239 4189 1595 4238 correctiones
1624 4188 1924 4254 conscripta
1949 4193 2086 4248 sunt,
2128 4187 2394 4237 exhibent.
2545 4187 2603 4252 5)
2631 4186 2763 4236 Pro-

540 4260 714 4326 logus.
864 4259 922 4326 6)
957 4259 1073 4310 Lib.
1112 4260 1169 4323 Ι,
1214 4260 1239 4308 1
1270 4286 1331 4298 --
1357 4259 1409 4312 3.
