3059 4834
445 389 545 431 9⁵19.

367 649 470 689 Iun.
503 649 550 691 8.

337 704 414 759 Ῥ.
445 708 554 749 627.

455 1605 554 1645 982.

561 205 668 257 120
1049 199 1358 261 RICHERI
1393 198 1897 251 HISTORIARUM
1934 198 2157 249 LIBER
2192 197 2299 247 111.

567 367 948 457 compendii
976 367 1133 435 colle
1183 370 1246 433 ‘t.
1303 366 1533 454 Ibique
1561 388 1601 429 a
1628 365 1790 430 duce
1818 365 2205 451 reliquisque
2230 363 2631 451 principibus
2658 363 2807 427 Lu-

569 456 834 520 dovicus
861 474 981 516 rex
1009 453 1130 517 adc
1193 462 1420 533 matus,
1449 473 1567 537 per
1586 449 2142 535 metropolitanum
2164 450 2537 535 episcopum
2559 448 2803 513 Remo-

566 561 729 621 rum,
751 538 982 621 dignae
1002 536 1302 601 videlicet
1323 536 1663 601 memoriae
1687 532 2175 612 Adalberonem,
2206 542 2425 597 sancta
2444 532 2549 597 die
2570 542 2801 617 pente·

570 632 774 687 costes
789 622 856 685 in
869 642 1138 705 regnum
1149 620 1543 685 Francorum
1564 626 1892 704 promotus
1904 627 2047 682 est1.
2060 616 2335 681 Duobus
2350 638 2503 702 ergo
2519 638 2801 701 regnan-

570 705 743 771 tibus
787 704 924 768 dux
967 709 988 733 *
1004 703 1200 769 multa
1242 703 1610 769 affabilitate
1653 723 1729 765 ac
1769 699 2079 765 famulatu
2119 696 2457 786 multiplici
2497 722 2618 785 per
2651 702 2798 767 dies

570 789 784 877 plures
827 810 964 854 sese
1007 786 1519 867 commendabat3
1564 785 1723 849 adeo
1752 787 1995 871 regiam
2026 784 2401 870 dignitatem
2430 806 2548 871 per
2577 786 2800 850 omnia

573 872 899 953 extollens,
957 883 1020 937 et
1063 882 1239 935 sesea
1282 872 1374 936 eis
1417 893 1494 934 su
1540 868 1810 955 plicemb
1865 876 2246 950 monstrans3
2302 891 2370 933 se
2428 869 2621 933 etiam
2662 868 2796 933 fac-

571 969 785 1023 turum
848 954 1152 1042 pollicens
1176 1004 1192 1037 ,
1254 963 1327 1018 ut
1387 977 1492 1018 am
1540 975 1578 1017 o
1642 953 1937 1039 gentibus
1999 954 2128 1017 iam
2182 953 2437 1019 domitis
2498 962 2803 1037 potenter

569 1043 973 1126 imperarent,
1015 1040 1355 1104 indomitas
1400 1058 1652 1137 quoque
1697 1037 2037 1101 efficaciter
2051 1048 2076 1078 ⁰
2103 1047 2643 1103 mansuescerent.
2714 1036 2799 1101 Id

569 1126 760 1189 etiam
802 1123 1242 1205 meditabatur,
1283 1132 1355 1186 ut
1395 1124 1461 1186 in
1505 1121 1771 1187 d1versis
1813 1122 2026 1205 regnis
2068 1121 2259 1207 positi
2299 1122 2544 1205 regiam
2594 1119 2801 1185 domi-

572 1210 891 1275 nationem
938 1215 1323 1288 exercerent,
1366 1228 1447 1270 ne
1488 1208 1676 1269 unius
1719 1206 1902 1291 regni
1943 1205 2240 1289 angustia
2266 1204 2538 1269 duorum
2566 1226 2799 1289 regum

574 1293 888 1357 maiestati
929 1292 1196 1356 nimium
1239 1290 1595 1374 derogaret.

575 1413 676 1477 92.
761 1412 948 1477 Item=
967 1414 1286 1497 promotio·
1325 1409 1642 1473 Ludovici
1684 1408 1763 1555 int
1766 1492 1781 1506 ⁰
1793 1430 2061 1492 regnum
2102 1406 2487 1494 Aquitaniae
2530 1408 2805 1495 eiusque

1533 1513 1735 1556 uxora
1762 1514 1843 1555 10.

741 1596 918 1661 Dum
975 1594 1133 1659 haec
1187 1593 1385 1659 multo
1431 1602 1665 1658 conatu
1722 1594 2106 1679 disponeret,
2149 1592 2259 1657 alii
2303 1593 2565 1691 quidam
2606 1594 2807 1663 nimis

577 1677 788 1742 callidi
829 1679 950 1743 hoc
996 1687 1339 1763 comperto,
1405 1700 1550 1741 cum
1593 1677 1959 1742 huiusmodi
1998 1676 2266 1761 gloriam
2308 1700 2375 1740 1n
2419 1699 2557 1741 sese
2598 1686 2807 1742 trans·

576 1762 840 1827 fundere
882 1759 1130 1844 vellent,
1189 1762 1488 1825 Emmam
1541 1762 1826 1847 reginam
1879 1761 2204 1842 adeunteS,
2261 1784 2454 1846 super
2515 1762 2808 1830 maxima

574 1869 644 1910 re
689 1868 755 1910 se
799 1844 1195 1911 consulturos
1240 1846 1556 1911 dixerunt.
1644 1847 1771 1927 Qui
1830 1848 2109 1930 suscepti
2158 1868 2198 1909 a
2252 1846 2492 1929 regina,
2550 1845 2619 1909 id
2678 1845 2808 1911 sibi

576 1930 780 1995 videri
825 1930 1135 2015 optimum
1186 1929 1501 2011 dixerunt,
1560 1930 1887 1994 Ludovico
1942 1930 2083 2013 regi
2138 1928 2609 1993 assciscendam
2654 1951 2809 1993 con-

576 2016 792 2099 iugem
833 2012 1226 2097 Adelaidem,
1283 2013 1685 2099 Ragemundi
1738 2036 1941 2099 nuper
1997 2012 2275 2078 defuncti
2333 2012 2515 2076 ducis
2562 2012 2809 2079 Gotho-

576 2121 721 2161 rum
765 2097 915 2162 olim
955 2096 1240 2163 uxorem.
1314 2098 1401 2161 Et
1442 2120 1570 2162 non
1612 2120 1718 2160 ma
1766 2100 1817 2161 ‘s
1847 2098 2197 2184 potentiam
2225 2096 2537 2181 regnandi
2566 2120 2651 2161 ex
2680 2096 2806 2161 hoc

577 2204 766 2268 posse
807 2182 1043 2267 augeri,
1133 2204 1282 2245 uam
1327 2180 1450 2246 sibi
1490 2182 1729 2245 nonnul
1754 2204 1792 2244 a
1834 2182 2170 2245 commoda
2223 2181 2494 2266 adquiri.
2582 2182 2807 2244 Enim-

575 2287 725 2330 vero
769 2264 1068 2351 possibile
1158 2267 1267 2348 eri,
1309 2275 1506 2332 totam
1550 2265 1961 2351 Aquitaniam
2004 2263 2317 2351 simulque
2359 2275 2423 2330 et
2452 2266 2809 2329 Gothiamd

578 2370 691 2415 suo
735 2350 998 2435 imperio
1041 2351 1341 2435 asstringi
1427 2370 1589 2430 osse,
1628 2358 1968 2435 postquam
2011 2371 2095 2413 ex
2134 2350 2271 2413 iure
2314 2347 2539 2413 ductae
2580 2351 2810 2413 uxoris

581 2432 818 2533 oppida
860 2434 1281 2497 munitissima
1320 2455 1359 2496 a
1408 2480 1412 2485 -
1447 2456 1633 2496 suum
1676 2434 1775 2495 ius
1802 2441 2210 2518 retorqueret.
2272 2432 2384 2496 Ma
2472 2456 2583 2495 um
2612 2434 2811 2498 etiam

580 2516 883 2604 qulddam
932 2518 1000 2580 in
1052 2516 1172 2580 hac
1214 2540 1282 2581 re
1327 2526 1391 2581 et
1432 2514 1583 2580 utile
1628 2517 2005 2601 comparari,
2058 2518 2132 2598 si,
2221 2526 2354 2581 atre
2442 2517 2544 2580 inc
2588 2519 2809 2603 posito

581 2611 644 2665 et
683 2598 857 2663 illinc
913 2598 1062 2682 filio,
1121 2601 1257 2664 dux
1313 2601 1505 2665 ceteri
1552 2622 1632 2663 ue
1684 2598 1897 2665 hostes
1939 2601 2009 2663 in
2050 2539 2260 2666 medio
2316 2599 2616 2683 conclusi,
2660 2623 2805 2687 per-

579 2692 770 2771 petuo
813 2691 1178 2767 urgeantur.
1266 2682 1422 2772 (93.)
1555 2684 1697 2747 uius
1749 2684 2011 2747 rationis
2070 2682 2403 2748 consilium
2459 2695 2607 2771 post
2652 2707 2807 2749 uam

578 2788 649 2831 re
700 2768 712 2782 ”
761 2775 1131 2851 suggestum
1189 2776 1303 2848 est,
1359 2768 1529 2851 apud
1585 2765 1973 2833 Gozfredum
2028 2769 2345 2850 comitem,
2400 2770 2510 2853 qui
2560 2791 2599 2832 a
2646 2778 2815 2853 erat,

585 2872 654 2915 or
701 2851 943 2913 inatum
985 2848 1203 2914 valuit.
1289 2850 1470 2915 Haec
1527 2851 1691 2915 duce
1735 2852 2069 2937 ignorante
2123 2850 2530 2938 parabantur.
2616 2854 2808 2934 Quae

583 2957 731 2999 cum
773 2944 920 3019 post
960 2934 1527 3017 animadvertisset,
1570 2958 1650 2999 ne
1693 2936 1951 3021 regibus
1992 2937 2132 2999 fieri
2158 2935 2483 3000 videretur
2512 2936 2808 3020 iniuriuS‚

584 3015 1029 3082 contumeliam
1074 3016 1496 3101 dissimulans,
1540 3018 1695 3083 nihil
1735 3021 1987 3105 penitus
2029 3020 2413 3105 refragratus
2457 3029 2571 3085 est.
2633 3021 2809 3086 Inte-

581 3122 691 3165 rea
735 3100 1010 3165 collectis
1063 3104 1243 3187 regni
1301 3102 1733 3189 principibuS,
1795 3127 1828 3168 e
1876 3105 2111 3167 uitatus
2160 3104 2375 3189 regius
2397 3103 2809 3189 disponitur,

580 3185 856 3270 insignia
896 3184 1074 3271 regia
1113 3185 1524 3268 invehuntur3
1582 3187 1709 3252 cibi
1748 3210 1859 3251 mu
1882 3186 2127 3273 tiplices
2155 3188 2449 3274 apparati
2492 3188 2815 3253 vehiculis

580 3270 1010 3355 imponuntur.
1085 3270 1332 3351 Quibus
1374 3272 1551 3353 actis,
1595 3294 1779 3356 reges
1821 3274 2071 3357 utrique
2102 3294 2249 3334 cum
2278 3270 2476 3336 multo
2516 3294 2549 3336 e
2595 3273 2808 3337 uitatu

581 3354 650 3417 in
691 3352 1104 3439 Aquitaniam
1145 3356 1414 3441 profecti
1443 3365 1591 3419 sunt
1634 3364 2036 3441 castrumque
2078 3354 2388 3419 Briddam
2419 3377 2543 3441 quo
2616 3366 2805 3421 vetus

584 3437 814 3501 dicitur
831 3450 854 3483 ²
900 3437 1304 3505 devenerunt.
2390 3456 2398 3463 '

701 3617 746 3672 a)
780 3632 814 3661 s.
856 3631 940 3671 per
979 3622 1134 3662 omnia
1166 3622 1206 3661 1.
1367 3618 1417 3671 b)
1449 3619 1751 3669 supplicicem
1780 3630 1815 3661 e..
1982 3617 2024 3669 c)
2058 3619 2299 3660 efficatiter
2333 3631 2367 3662 c.
2534 3619 2581 3673 d)
2616 3620 2801 3662 Gotiam

581 3688 694 3719 corr.
759 3678 986 3721 Gothiam.
1067 3684 1072 3691 '

733 3809 787 3875 1)
827 3813 976 3874 Quae
1029 3827 1148 3861 cum
1198 3811 1304 3859 iam
1358 3824 1406 3859 a.
1447 3809 1573 3860 979.
1612 3809 1953 3871 accidissent,
2005 3810 2133 3862 ordo
2187 3826 2359 3861 rerum
2411 3826 2444 3859 a
2492 3816 2675 3861 nostro
2719 3812 2799 3861 in-

581 3900 764 3937 versus
817 3901 932 3935 esse
971 3884 1205 3947 videtui-3
1256 3884 1361 3934 nisi
1413 3898 1551 3932 anno
1602 3881 1725 3934 981.
1778 3885 2009 3949 Hugone
2054 3886 2381 3935 assentiente
2430 3884 2655 3935 fortasse
2706 3900 2798 3936 rex

583 3958 918 4009 confirmatus
954 3958 1039 4010 sit.
1093 3956 1371 4023 Singulare
1411 3956 1640 4022 quidem,
1678 3958 1735 4005 in
1775 3958 1969 4008 chartis
2007 3958 2246 4009 Lotharii
2285 3958 2489 4025 duabus
2518 3957 2567 4007 d.
2597 3957 2721 4009 Iulii
2747 3958 2795 4012 9.

582 4032 709 4080 anni
747 4030 873 4092 981,
908 4031 1080 4096 iisque
1119 4028 1261 4092 solis,
1299 4030 1575 4081 formulam
1616 4030 1749 4094 legi:
1789 4030 1991 4081 Datum
2031 4058 2097 4067 -—
2122 4031 2239 4096 filio
2280 4047 2400 4081 vero
2439 4029 2552 4081 eius
2592 4029 2805 4080 domino-

581 4101 851 4153 Ludovico
889 4103 1207 4155 adolescente
1245 4103 1444 4170 eyreqio
1483 4109 1735 4171 regnante
1773 4120 1912 4154 anno
1950 4103 2125 4155 tercio.
2163 4105 2223 4155 P.
2355 4101 2413 4170 2)
2452 4104 2689 4155 Brioude
2724 4103 2795 4153 ad

582 4172 798 4226 'fluvium
836 4175 1022 4227 Allier.
