3059 4834
727 261 1033 314 RICHERI
1071 211 1576 314 {JISTORIARUM
1612 261 1835 314 LIBER
1873 263 1919 316 1.
2212 227 2215 230 ἢ
2371 261 2439 312 25

219 433 381 496 sime
437 430 781 516 unicuique
836 431 1124 495 donatur.
1223 428 1414 512 Umle
1471 439 1535 494 et
1576 451 1615 492 a
1658 427 2014 493 Gisleberto
2056 427 2439 512 recedentes,
2459 440 2559 483 921·

217 515 356 600 regi
423 514 928 579 constantissime
990 515 1385 578 resociantur
1446 533 1524 576 ac
1590 533 1731 576 cum
1784 534 1857 578 eo
1901 514 1969 575 in
2013 510 2442 578 Gislebertum

214 599 522 663 feruntur.

255 691 305 734 ⁰
388 683 489 747 38.
579 679 974 746 Grislebertus
1037 703 1188 746 vero
1246 683 1314 744 in
1371 703 1406 744 o
1455 679 1607 766 pido
1652 679 1950 744 Harburc
1972 691 2011 762 ¹,
2070 679 2240 766 quod
2295 679 2443 743 hinc

216 767 402 831 Mosa
458 773 521 829 et
572 765 720 828 inde
777 762 968 828 Gullo
1030 764 1240 829 fluviis
1295 763 1398 829 val
1421 775 1595 844 atur,
1652 785 1691 826 a
1741 763 1947 828 fronte
1989 785 2139 828 vero
2181 765 2446 827 immani

215 850 394 914 hiatu
451 847 774 935 multoque
815 849 1074 914 horrore
1132 850 1424 936 veprium
1477 848 1806 913 defensum
1850 857 1975 930 est,
2035 869 2180 910 cum
2221 849 2443 933 paucis

222 931 656 998 claudebatur.
741 932 889 996 Huc
933 956 1048 998 rex
1093 955 1236 997 cum
1293 933 1581 997 exercitu
1677 941 1933 1017 roperat
1987 931 2280 1017 locatque
2336 931 2443 997 ob·
2730 996 2738 1004 ,

221 1017 567 1099 sidionem,
620 1016 766 1080 hinc
827 1025 890 1081 et
934 1016 1112 1081 *inde
1155 1016 1482 1098 navalem,
1541 1038 1581 1080 a
1620 955 1825 1080 Kome
1869 1037 2022 1080 vero
2068 1024 2442 1102 equestrem.
2464 1014 2543 1068 “P-
2575 1017 2679 1060 ⁶⁸⁰·

221 1101 300 1165 In
344 1101 523 1164 cuius
581 1101 1051 1185 expugnatione
1109 1122 1256 1164 cum
1313 1101 1695 1187 persisteret,
1740 1099 2179 1164 Grislebertus*
2230 1097 2445 1164 navali

222 1184 381 1270 fuga
436 1183 754 1248 dilabitur.
855 1185 1182 1270 Oppidani
1238 1206 1388 1248 vero
1434 1185 1699 1270 capti**,
1756 1185 1823 1246 in
1872 1185 2041 1268 regis
2098 1184 2440 1249 deveniunt

221 1270 584 1334 iussionem.
671 1266 1066 1334 Grislebertus
1109 1276 1320 1333 autem
1352 1291 1498 1332 cum
1530 1268 1777 1332 duobus
1808 1267 2140 1351 clientulis,
2182 1276 2446 1353 paterna

219 1351 566 1418 hereditate
622 1352 906 1438 privatus
921 1401 938 1434 ,
990 1353 1283 1416 Rhenum
1337 1351 1707 1416 exulaturus
1763 1353 2121 1437 pertransit.
2216 1352 2317 1416 Ibi
2364 1373 2443 1415 ue

269 1459 339 1501 er
380 1459 578 1500 annos
622 1435 865 1521 aliquot
906 1437 1078 1522 apud
1121 1437 1499 1500 Heinricum
1544 1457 1832 1499 socerum
1877 1435 2179 1520 deceptus
2210 1458 2333 1499 exu
2358 1445 2441 1499 at.

251 1518 500 1584 “voluto
544 1529 757 1584 autem
801 1519 1044 1606 aliquot
1085 1541 1394 1584 annorum
1449 1525 1767 1605 tempore,
1830 1519 2218 1584 Heinrieusa
2272 1518 2445 1605 apud

217 1627 435 1689 regem
480 1605 763 1668 suasorie
782 1613 809 1644 ³
854 1604 1002 1689 egit,
1046 1612 1117 1667 ut
1161 1603 1557 1669 Gislebertus
1602 1614 2008 1668 revocaretur
2049 1625 2124 1667 ac
2167 1605 2235 1667 in
2275 1603 2443 1687 regis

218 1689 489 1775 gratiam
551 1699 1002 1766 resumeretur,
1064 1709 1140 1752 ea
1203 1710 1354 1752 vero
1379 1705 1386 1714 ·
1411 1710 1626 1752 rerum
1672 1687 2060 1769 conditione,
2119 1696 2215 1769 ut,
2272 1688 2441 1772 regis

221 1773 530 1837 sententia
585 1794 669 1836 ex
733 1770 975 1836 collatis
1039 1771 1367 1837 beneficiis
1429 1773 1841 1854 intemerata,
1908 1770 2303 1837 Grislebertus
2368 1793 2444 1836 ea

219 1866 466 1922 tantum
521 1856 721 1940 regali
780 1855 1112 1920 clementia
1163 1857 1500 1955 reciperet,
1564 1877 1835 1941 quorum
1892 1877 2287 1942 possessores
2330 1877 2445 1942 per

222 1950 315 2005 tot
357 1941 456 2004 sui
501 1941 668 2005 exilii
717 1949 1006 2024 tempora
1045 1940 1175 2002 iam
1221 1940 1510 2004 obierant
1527 1951 1573 2003 ².

387 2025 488 2088 39.
575 2022 716 2088 *Ab
794 2022 986 2086 exilio
1048 2023 1265 2108 itaque
1328 2034 1695 2105 revocatus,
1766 2022 1937 2105 regis
1998 2022 2269 2106 gratiam
2331 2035 2677 2106 per*foi.10‘.

218 2108 596 2173 Heinricum
641 2116 935 2189 meretur,
979 2128 1056 2170 ea
1097 2117 1329 2187 tamen,
1371 2117 1444 2169 ut
1485 2106 1727 2170 dictum
1772 2115 1895 2185 est,
1941 2104 2333 2186 conditione,
2375 2113 2447 2168 ut
2466 2099 2565 2139 ⁹²²·

219 2215 258 2256 a
297 2191 628 2257 beneficiis
693 2211 853 2276 quae
896 2189 1240 2254 insolenter
1297 2190 1667 2271 diduxerat,
1714 2189 1995 2276 quandiu
2048 2209 2445 2275 possessores

219 2276 525 2352 viverent,
573 2282 802 2356 careat,
847 2295 924 2336 ea
965 2295 1120 2338 vero
1165 2295 1433 2358 quorum
1475 2295 1873 2359 possessores
1926 2295 2043 2358 per
2084 2293 2279 2336 annos
2334 2271 2445 2334 ali-

223 2367 379 2443 quot
422 2357 708 2423 obierant
745 2358 918 2503 regis
947 2357 1349 2422 miseratione
1378 2366 1641 2442 repetat.
1726 2357 1983 2442 Recipit
2022 2357 2236 2441 itaque
2282 2377 2443 2441 quae

223 2462 262 2504 a
319 2441 634 2506 defunctis
694 2442 802 2526 qui
853 2463 953 2504 em
1015 2439 1313 2506 derelicta
1372 2441 1715 2522 vacabant,
1778 2441 2126 2503 maximam
2184 2461 2442 2503 suarum

218 2548 427 2590 rerum
473 2535 716 2611 partem
729 2527 776 2607 ¹³,
821 2525 1204 2608 Treiectum,
1247 2523 1587 2610 Iuppilam,
1635 2524 2055 2606 Harstalium,
2101 2523 2441 2606 Marsnam,

217 2609 455 2674 Littam
473 2622 512 2652 ⁰·
533 2619 557 2655 ³
575 2658 593 2692 ,
640 2609 1189 2695 Capraemontem.
1279 2609 1528 2689 Quibus
1573 2607 1836 2691 habitis,
1882 2608 2157 2672 Karolus
2216 2630 2332 2672 rex
2375 2609 2441 2671 in

220 2692 528 2760 Celticam
596 2692 792 2774 redit,
837 2692 1274 2775 NortmanniS,
1333 2694 1441 2792 qui
1501 2702 1819 2758 extremos
1886 2686 2238 2758 Galliarum
2282 2692 2439 2756 fines

213 2776 371 2842 locis
416 2777 751 2842 maritimis
791 2777 1192 2861 infestabant,
1239 2799 1313 2842 eo
1363 2778 1497 2842 1as⁴¹
1540 2777 1770 2842 inferre
1800 2800 2050 2862 parans.
2136 2777 2440 2858 Heinrico

213 2884 368 2927 vero
424 2871 598 2926 trans
655 2862 949 2926 Rhenum
1015 2872 1235 2926 contra
1343 2872 1615 2926 armatas
1673 2863 1981 2946 profectO,
2042 2859 2439 2926 Grislebertus

215 2968 334 3032 per
377 2967 526 3010 suos
581 2945 944 3011 immaniter
984 2946 1266 3012 vexabat
1324 2955 1388 3010 et
1447 2946 1757 3012 atterebat
1816 2968 1924 3010 eos
1982 2946 2090 3031 qui
2147 2945 2227 3009 ab
2287 2966 2439 3028 rege

217 3051 336 3093 sua
393 3029 543 3094 data
601 3029 986 3095 obtinebant.
1083 3029 1263 3093 Alios
1323 3029 1713 3094 clandestina
1769 3031 2097 3094 invasione
2149 3049 2440 3110 enecans,

215 3112 372 3176 alios
414 3115 804 3178 incessanter
844 3125 929 3178 ut·
956 3137 1073 3178 sua
1114 3113 1474 3199 relinquant
1515 3113 1851 3200 adurgens,
1898 3113 2155 3178 tandem
2206 3113 2443 3177 evincit
2508 3143 2515 3152 ·

216 3197 476 3283 suisque
523 3199 814 3262 omnibus
858 3199 1127 3283 potitur,
1192 3198 1608 3262 truculentius
1653 3198 1883 3262 exinde
1940 3199 2006 3261 in
2049 3221 2117 3261 re
2165 3220 2264 3262 em
2310 3219 2439 3260 ma-

215 3282 500 3347 chinans.
589 3282 896 3346 Socerum
938 3283 1156 3367 itaque
1196 3280 1329 3345 adit
1373 3283 1557 3368 eique
1600 3281 1681 3345 ab
1724 3303 1875 3366 rege
1910 3279 2125 3345 dissua
2174 3291 2253 3362 et,
2301 3278 2437 3344 Cel-

212 3367 408 3430 ticam
463 3362 660 3430 solam
716 3367 854 3450 regi
908 3387 1096 3452 posse
1155 3365 1444 3430 sufficere
1516 3379 1834 3446 asserem,
1890 3364 2217 3450 Belgicam
2283 3384 2435 3426 vero

212 3461 406 3537 atque
468 3449 881 3514 Germaniam
933 3471 1085 3535 rege
1136 3448 1258 3513 alio
1316 3449 1661 3534 plurimum
1711 3448 2017 3532 indigere.
2124 3446 2311 3512 Unde
2356 3455 2435 3529 et,

361 3612 409 3682 *)
451 3615 513 3666 G.
565 3613 703 3665 clam
750 3629 846 3680 per
902 3629 1104 3664 murum
1160 3612 1417 3680 dilapsus,
1473 3615 1691 3664 fluvium
1750 3611 2015 3662 enatando
2074 3612 2435 3671 transmeavit,

451 3686 650 3738 Ekkeh.

336 3758 410 3826 **)
451 3762 652 3826 absque
693 3759 828 3811 duce
867 3759 1044 3811 relicti
1081 3758 1284 3811 Elakeh.

333 3887 378 3940 a)
407 3894 507 3945 poet
539 3889 638 3929 add.
761 3885 806 3939 b)
835 3888 940 3930 Iul.
961 3915 971 3927 .
994 3899 1100 3928 .um
1131 3899 1315 3929 erasum.
1436 3887 1478 3939 c)
1510 3888 1758 3928 vocabulum
1788 3898 1973 3930 erasum.
2109 3885 2155 3938 d)
2186 3886 2358 3927 bellum
2394 3887 2434 3924 1.

364 4009 421 4078 1)
458 4011 783 4062 Hardestein
838 4027 1003 4079 prope
1063 4011 1228 4076 Geu13
1304 4028 1353 4062 v.
1404 4009 1563 4066 Mem.
1624 4009 1915 4062 couronnes
1970 4027 2067 4078 par
2120 4011 2313 4062 l'acad.
2370 4011 2435 4062 de

211 4085 492 4137 Bruxelles
534 4085 578 4148 Ι,
617 4103 670 4152 p.
711 4086 798 4138 41.
968 4085 1023 4148 2)
1065 4085 1145 4137 cf.
1184 4086 1369 4137 Jahrb.
1409 4085 1669 4136 Heinrich
1706 4085 1751 4136 Ι.
1790 4103 1844 4151 p.
1885 4085 1973 4135 49.
2141 4082 2198 4151 3)
2237 4085 2433 4150 Littoy.

213 4159 296 4212 cf.
338 4160 644 4224 Gerbergae
671 4160 890 4224 reginae
927 4159 1264 4212 donationem
1288 4161 1343 4212 S.
1364 4160 1612 4225 Remigio
1639 4159 1890 4210 Remensi
1928 4174 1977 4210 a.
2001 4157 2124 4221 968,
2164 4161 2319 4210 Febr.
2348 4159 2432 4209 12.

209 4231 427 4297 factam,
465 4233 713 4298 Bouquet
749 4233 845 4296 IX,
884 4249 936 4298 p.
978 4233 1101 4286 666.
