3059 4834
588 207 713 284 138
1078 210 1385 264 monam
1420 210 1926 264 ms‘ronunma
1960 211 2182 263 mssa
2217 213 2352 264 1111.

480 400 585 502 zzz·

452 2597 579 2681 ‘Aug

374 3203 490 3247 ⁹101.
511 3205 585 3248 45.

604 399 790 462 reges
834 378 1119 442 exercitu
1160 375 1423 442 collecto
1467 378 1693 441 urbem
1735 377 2086 462 predictam
2129 400 2278 442 cum
2306 378 2474 444 8000
2503 382 2526 404 ⁶
2541 380 2834 464 aggressi

602 470 771 526 sunt.
858 460 1083 526 Castra
1122 461 1411 547 inprimis
1452 483 1688 547 aggere
1730 471 1794 527 et
1831 461 2004 526 fossa
2042 463 2352 527 muniunt.

1282 617 1384 682 22.
1472 615 1866 702 Compositio
1908 618 2142 683 arietis.

770 721 929 786 Inde
971 721 1317 787 exstruitur
1354 717 1538 802 aries,
1583 718 1780 782 muris
1806 717 2170 805 frangendis
2199 718 2562 785 obnisurus,
2630 720 2834 787 Cuius

604 803 966 868 machinam
1010 827 1092 870 ex
1135 813 1406 890 quatuor
1445 803 1645 866 mirae
1685 803 2129 888 grossitudinis
2169 813 2236 869 et
2259 802 2679 888 longitudinis
2709 814 2835 868 tra-

602 887 793 953 bibus
830 887 1203 974 longilatero
1248 897 1524 952 scemate
1555 896 1911 967 erexerunt,
1953 888 2022 951 in
2063 889 2392 952 cacumine
2435 899 2500 953 et
2527 889 2672 956 basi
2715 913 2836 975 per

604 982 875 1058 quatuor
915 971 1112 1038 latera
1162 969 1485 1056 repagulis
1537 979 1896 1035 transverse
1948 974 2251 1053 annexis3
2304 974 2374 1036 in
2415 972 2632 1037 medio
2677 995 2832 1038 vero

602 1055 999 1122 solummodo
1015 1066 1041 1097 ²
1082 1053 1293 1120 levum
1333 1055 1497 1118 latus
1539 1062 1603 1118 et
1643 1053 1938 1119 dextrum
1989 1053 2163 1140 ligna
2215 1058 2588 1120 transmissa
2629 1055 2832 1121 habu-

602 1162 725 1206 ere.
826 1139 915 1204 At
969 1161 1161 1226 super
1216 1136 1493 1203 trabium
1548 1146 1894 1202 erectarum
1951 1139 2308 1223 superiores
2373 1141 2833 1205 commissuras

600 1224 924 1309 longurios
966 1222 1125 1288 duos
1168 1231 1527 1287 straverunt
1565 1222 1964 1308 inmotosque
2014 1223 2375 1305 effecerunt,
2415 1234 2668 1309 partem
2709 1235 2833 1289 ter-

602 1308 755 1374 tiam
800 1309 1143 1394 superioris
1170 1307 1360 1392 spatii
1388 1306 1664 1371 trabium
1691 1306 1758 1368 in
1787 1304 1995 1370 medio
2025 1305 2396 1372 obtinentes,
2461 1307 2562 1370 Ab
2593 1307 2834 1394 quibus

602 1389 907 1475 longuriis
975 1391 1157 1456 funes
1229 1389 1569 1476 implicitos
1641 1388 1720 1454 de
1771 1400 2086 1454 osuerunt.
2199 1390 2493 1456 Funibus
2614 1413 2834 1478 noque

600 1475 844 1540 trabem
888 1497 1033 1539 cum
1076 1475 1309 1540 ferrato
1352 1495 1427 1538 (a
1473 1475 1560 1538 ite
1603 1495 1668 1536 m
1737 1483 1838 1538 tae
1866 1475 2308 1559 grossitudinis
2333 1497 2576 1560 suspen
2623 1485 2834 1542 erunt.

602 1557 727 1623 Oui
770 1560 960 1624 etiam
1003 1558 1170 1624 trabi
1212 1558 1277 1620 in
1320 1578 1386 1619 m
1474 1558 1532 1620 'o
1575 1565 1640 1620 et
1681 1566 1965 1622 extremo
2007 1557 2190 1622 funes
2231 1556 2338 1622 alli
2386 1569 2524 1623 atos
2559 1559 2834 1624 adhibu-

602 1651 850 1724 erunt⁰3
912 1643 1024 1727 qui
1077 1662 1117 1703 a
1172 1639 1614 1704 multitudined
1664 1641 1848 1704 tracti
1909 1651 1972 1706 et
2023 1643 2288 1724 remissi,
2369 1653 2606 1708 erratae
2665 1643 2831 1707 moli

601 1732 845 1789 motum
874 1725 1114 1790 darent.
1178 1723 1367 1787 Unde
1396 1734 1460 1789 et
1486 1723 1850 1788 huiusmodi
1880 1724 2191 1808 machina,
2224 1726 2374 1811 quia
2402 1747 2573 1790 more
2601 1727 2829 1792 arietis

600 1816 769 1873 retro
823 1818 1022 1873 tracta
1088 1817 1233 1873 ante
1276 1829 1421 1872 cum
1476 1809 1722 1894 impetu
1772 1810 1916 1890 ruit,
1957 1809 2122 1873 aries
2179 1809 2566 1896 appellatur3
2619 1811 2836 1875 cuius-

602 1914 877 1978 cumque
918 1890 1255 1958 soliditatis
1297 1893 1494 1956 muris
1535 1891 1900 1990 frangendis
1929 1892 2318 1978 aptissimus.
2391 1894 2604 1974 Quam
2633 1895 2838 1960 etiam

601 1977 957 2042 machinam
1003 1967 1198 2062 sflper
1239 1986 1365 2041 tres
1408 1985 1580 2040 rotas
1637 1974 1952 2062 triangulo
1996 1986 2268 2042 scemate
2321 1978 2598 2063 positam
2653 1987 2836 2064 apta-

601 2070 845 2144 verunt,
908 2083 1034 2146 quo
1050 2074 1075 2103 ⁰
1129 2058 1377 2124 facilius
1435 2059 1774 2146 obliquata,
1835 2082 2236 2146 quocumque
2291 2070 2610 2148 oporteret
2667 2064 2836 2126 verti

602 2144 857 2210 valeret.
928 2144 1017 2209 At
1060 2149 1210 2231 quia
1251 2142 1426 2207 urbis
1471 2145 1628 2208 situs
1658 2143 1962 2208 accedere
1991 2143 2330 2229 prohibuit,
2376 2168 2450 2211 eo
2476 2145 2660 2292 quod
2687 2147 2837 2230 ipsa

602 2228 753 2293 urbs
795 2230 860 2292 in
905 2230 1205 2293 eminenti
1247 2230 1480 2292 montis
1536 2229 1862 2291 cacumine
1916 2227 2215 2310 eminetf,
2271 2229 2434 2293 aries
2503 2230 2831 2295 abricatus

600 2313 807 2377 cessit.

788 2470 889 2533 ⁶23.
977 2468 1306 2553 Digressio
1348 2468 1646 2554 Hugonis
1691 2490 1832 2532 cum
1879 2469 2166 2533 exercitu
2205 2489 2245 2532 a
2285 2468 2619 2533 Laudun0.

766 2589 921 2653 Post
974 2589 1134 2653 haec
1200 2610 1342 2652 cum
1398 2611 1514 2674 per
1570 2588 1704 2652 dies
1768 2586 2075 2674 plurimos
2131 2590 2198 2652 in
2256 2588 2584 2654 obsidione
2645 2589 2828 2654 urbis

601 2671 832 2758 vigiliis
876 2681 939 2736 et
982 2674 1149 2736 curis
1177 2675 1539 2759 pugnisque
1568 2672 2002 2758 frequentibus
2031 2671 2506 2754 laboravissent,
2539 2673 2640 2737 die
2669 2694 2828 2758 qua-

601 2756 747 2821 dam
787 2755 1153 2820 custodibus
1184 2765 1536 2820 castrorum
1564 2757 1714 2820 vino
1745 2777 2094 2842 somnoque
2122 2757 2487 2841 aggravatis
2501 2767 2548 2838 ἕ,
2593 2756 2831 2821 urbani

601 2840 750 2904 vino
816 2837 1151 2904 exhilarati
1216 2862 1363 2904 cum
1424 2841 1618 2904 armis
1681 2837 1764 2904 ad
1828 2849 2035 2904 castra
2096 2838 2420 2926 pedestres
2491 2851 2829 2906 venerunt.

600 2923 866 3010 Equites
908 2944 1058 2987 vero
1103 2932 1564 3021 consequenter
1591 2925 1818 2987 armati
1847 2922 2166 2988 subsecuti
2195 2933 2359 3004 sunt,
2402 2925 2494 2989 rei
2523 2933 2830 2988 eventum

599 3005 1014 3093 prestolantes
1032 3008 1079 3089 ¹¹,
1138 3015 1225 3088 ut,
1286 3029 1339 3070 s1
1380 3028 1633 3092 pugnae
1686 3005 1864 3070 locus
1913 3006 2163 3072 adesset
2215 3028 2648 3094 prosperaque
2697 3006 2830 3072 for-

600 3104 755 3156 tuna
795 3090 1042 3155 felicem
1086 3091 1419 3154 annuereti
1478 3099 1792 3173 eventum,
1851 3113 1995 3154 cum
2040 3090 2218 3155 hoste
2247 3089 2629 3155 ’comminus
2672 3113 2830 3155 con-

600 3174 910 3261 fligerent.
1024 3171 1189 3238 Cum
1248 3195 1399 3259 ergo
1461 3173 1707 3258 pedites
1773 3176 1936 3238 *iam
2001 3177 2223 3238 castris
2285 3175 2832 3260 propinquassent

602 3258 1021 3357 custodesque
1064 3279 1257 3323 conso
1305 3261 1426 3323 itos
1468 3256 1944 3339 intellexissent,
1999 3257 2172 3322 faces
2216 3259 2438 3322 castris
2479 3258 2827 3324 immisere.

600 3343 891 3424 Quorum
933 3341 1209 3406 lucendii
1386 3363 1423 3404 o
1466 3363 1575 3406 aer
1634 3341 1950 3422 densatus,
2006 3363 2134 3404 non
2191 3340 2396 3404 solum
2437 3342 2828 3406 intuentium

594 3427 841 3493 visibus
882 3436 1046 3492 tetra
1060 3428 1092 3469 Β
1133 3425 1506 3511 nigredinek
1553 3425 1862 3508 obstabat,
1905 3435 1972 3490 at
2005 3426 2185 3508 gravi
2210 3446 2448 3511 vapore
2477 3427 2727 3490 narium
2761 3436 2830 3492 et

598 3512 878 3575 faucium
922 3521 1168 3576 meatus
1196 3507 1676 3574 intercludebat.
1747 3508 2028 3575 Pedites¹
2069 3531 2223 3572 mox
2249 3507 2608 3590 vociferari,
2653 3508 2830 3573 clan-

599 3616 750 3678 gere
793 3593 1021 3658 milites
1067 3614 1311 3679 cepere.
1393 3593 1539 3656 Rex
1581 3602 1644 3658 et
1687 3594 1798 3680 qui
1841 3615 1987 3657 cum
2031 3614 2102 3657 eo
2148 3604 2327 3659 erant
2368 3592 2828 3658 elementorum

602 3676 969 3742 confusione
1011 3677 1335 3763 multoque
1392 3677 1673 3741 virorum
1729 3677 2002 3742 clamore
2047 3687 2108 3742 et
2150 3677 2479 3743 turbarum
2523 3677 2828 3762 clangore

600 3761 853 3844 turbati,
908 3762 988 3828 ab
1029 3762 1187 3826 urbe
1240 3759 1420 3824 sedes
1470 3771 1818 3826 mutavere.
1905 3760 2071 3824 Nam
2114 3769 2320 3825 castra
2362 3783 2507 3825 cum
2553 3760 2712 3825 cibis
2761 3773 2829 3826 et

598 3846 788 3911 rebus
834 3844 1126 3910 omnibus
1170 3844 1562 3928 absumptam
1605 3844 1881 3910 videbat.
1969 3843 2153 3907 Unde
2196 3854 2298 3909 et¹¹
2341 3845 2693 3910 exercitum
2737 3845 2831 3910 ad

719 4037 763 4086 a)
797 4037 827 4081 l.
855 4037 887 4078 1.
920 4039 966 4076 et
994 4037 1037 4080 d.
1072 4047 1107 4076 s.
1146 4037 1182 4078 1.
1330 4033 1378 4086 b)
1410 4035 1467 4074 In
1512 4037 1550 4073 1.
1701 4033 1741 4086 e)
1775 4033 2109 4084 suspenderunt
2152 4036 2193 4074 1.
2345 4031 2392 4085 d)
2421 4033 2654 4088 mili(tum)
2689 4038 2833 4077 scribi

602 4099 828 4144 coeptum..
940 4088 983 4141 e)
1017 4099 1067 4135 ut
1099 4097 1137 4135 1.
1274 4091 1309 4144 f)
1343 4093 1574 4134 eminebat
1610 4095 1647 4133 1.
1767 4091 1814 4144 ς)
1846 4103 1972 4143 grav.
2008 4095 2049 4133 1.
2183 4091 2232 4142 h)
2265 4097 2406 4144 prost.
2439 4106 2472 4133 c.
2613 4093 2648 4145 i)
2681 4106 2833 4145 spon.

602 4154 732 4194 deret
760 4164 971 4202 cuper-cer.
1003 4156 1246 4195 annueret.
1364 4150 1411 4203 k)
1441 4159 1540 4202 post
1571 4152 1668 4192 add.
1807 4150 1841 4203 1)
1873 4153 1921 4193 P.
1954 4163 2014 4194 m.
2047 4163 2088 4193 v.
2121 4152 2164 4192 cl
2212 4163 2272 4195 m.
2309 4153 2358 4192 in
2387 4163 2524 4203 maro.
2645 4155 2710 4206 111)
2750 4157 2833 4198 ab·

604 4214 782 4267 sumpte
825 4215 956 4251 erant
989 4214 1028 4254 1.
1179 4209 1225 4261 n)
1260 4221 1341 4251 rex
1377 4213 1415 4250 1-
