<?xml version="1.0" encoding="UTF-8"?>
<!DOCTYPE html PUBLIC "-//W3C//DTD XHTML 1.0 Transitional//EN"
    "http://www.w3.org/TR/xhtml1/DTD/xhtml1-transitional.dtd">
<html xmlns="http://www.w3.org/1999/xhtml" xml:lang="en" lang="en">
 <head>
  <title>
</title>
<meta http-equiv="Content-Type" content="text/html;charset=utf-8" />
  <meta name='ocr-system' content='tesseract 3.04.00' />
  <meta name='ocr-capabilities' content='ocr_page ocr_carea ocr_par ocr_line ocrx_word'/>
</head>
<body>
  <div class='ocr_page' id='page_1' title='image "./richerihistoria00unkngoog_0122.png"; bbox 0 0 3059 4834; ppageno 0'>
   <div class='ocr_carea' id='block_1_1' title="bbox 646 257 2466 312">
    <p class='ocr_par' dir='ltr' id='par_1_1' title="bbox 646 257 2466 312">
     <span class='ocr_line' id='line_1_1' title="bbox 646 257 2466 312; baseline 0.001 -2"><span class='ocrx_word' id='word_1_1' title='bbox 646 257 952 310; x_wconf 83' lang='lat' dir='ltr'><strong>RICHERI</strong></span> <span class='ocrx_word' id='word_1_2' title='bbox 989 257 1495 310; x_wconf 83' lang='lat' dir='ltr'><strong>HISTORIARUM</strong></span> <span class='ocrx_word' id='word_1_3' title='bbox 1532 257 1756 310; x_wconf 87' lang='lat' dir='ltr'>LIBER</span> <span class='ocrx_word' id='word_1_4' title='bbox 1792 259 1902 310; x_wconf 92' lang='lat'><strong>111.</strong></span> <span class='ocrx_word' id='word_1_5' title='bbox 2361 258 2466 312; x_wconf 75' lang='lat'><strong>105</strong></span> 
     </span>
    </p>
   </div>
   <div class='ocr_carea' id='block_1_2' title="bbox 225 424 2469 1014">
    <p class='ocr_par' dir='ltr' id='par_1_2' title="bbox 225 424 2469 1014">
     <span class='ocr_line' id='line_1_2' title="bbox 227 424 2466 524; baseline -0 -33"><span class='ocrx_word' id='word_1_6' title='bbox 227 424 518 512; x_wconf 90' lang='lat' dir='ltr'><strong>pendere</strong></span> <span class='ocrx_word' id='word_1_7' title='bbox 558 426 698 524; x_wconf 90' lang='lat' dir='ltr'><strong>ipse</strong></span> <span class='ocrx_word' id='word_1_8' title='bbox 741 424 993 490; x_wconf 80' lang='lat' dir='ltr'>facilius</span> <span class='ocrx_word' id='word_1_9' title='bbox 1035 435 1273 512; x_wconf 87' lang='lat' dir='ltr'><strong>posset,</strong></span> <span class='ocrx_word' id='word_1_10' title='bbox 1328 446 1412 488; x_wconf 87' lang='lat' dir='ltr'><strong>an</strong></span> <span class='ocrx_word' id='word_1_11' title='bbox 1453 434 1627 491; x_wconf 89' lang='lat' dir='ltr'><strong>recte</strong></span> <span class='ocrx_word' id='word_1_12' title='bbox 1669 425 1726 488; x_wconf 90' lang='lat' dir='ltr'><strong>is</strong></span> <span class='ocrx_word' id='word_1_13' title='bbox 1783 433 2051 510; x_wconf 80' lang='lat' dir='ltr'><strong>saperet,</strong></span> <span class='ocrx_word' id='word_1_14' title='bbox 2112 426 2223 512; x_wconf 88' lang='lat' dir='ltr'><strong>qui</strong></span> <span class='ocrx_word' id='word_1_15' title='bbox 2265 424 2466 510; x_wconf 86' lang='lat' dir='ltr'><strong>philo·</strong></span> 
     </span>
     <span class='ocr_line' id='line_1_3' title="bbox 232 507 2469 596; baseline -0.001 -22"><span class='ocrx_word' id='word_1_16' title='bbox 232 509 499 596; x_wconf 88' lang='lat' dir='ltr'><strong>sophari</strong></span> <span class='ocrx_word' id='word_1_17' title='bbox 540 509 897 584; x_wconf 82' lang='lat' dir='ltr'><strong>v1debatur,</strong></span> <span class='ocrx_word' id='word_1_18' title='bbox 940 517 1160 595; x_wconf 80' lang='lat' dir='ltr'><strong>utpote</strong></span> <span class='ocrx_word' id='word_1_19' title='bbox 1202 510 1271 572; x_wconf 92' lang='lat' dir='ltr'><strong>in</strong></span> <span class='ocrx_word' id='word_1_20' title='bbox 1314 531 1391 573; x_wconf 92' lang='lat' dir='ltr'><strong>eo</strong></span> <span class='ocrx_word' id='word_1_21' title='bbox 1435 509 1611 595; x_wconf 88' lang='lat' dir='ltr'><strong>quod</strong></span> <span class='ocrx_word' id='word_1_22' title='bbox 1651 507 2012 572; x_wconf 87' lang='lat' dir='ltr'><strong>divinarum</strong></span> <span class='ocrx_word' id='word_1_23' title='bbox 2058 518 2124 574; x_wconf 88' lang='lat' dir='ltr'><strong>et</strong></span> <span class='ocrx_word' id='word_1_24' title='bbox 2164 508 2469 574; x_wconf 90' lang='lat' dir='ltr'><strong>humana-</strong></span> 
     </span>
     <span class='ocr_line' id='line_1_4' title="bbox 225 591 2466 679; baseline -0 -21"><span class='ocrx_word' id='word_1_25' title='bbox 225 615 377 658; x_wconf 85' lang='lat' dir='ltr'><strong>rum</strong></span> <span class='ocrx_word' id='word_1_26' title='bbox 422 594 754 658; x_wconf 90' lang='lat' dir='ltr'><strong>scientiam</strong></span> <span class='ocrx_word' id='word_1_27' title='bbox 797 593 1149 679; x_wconf 87' lang='lat' dir='ltr'><strong>profitetur.</strong></span> <span class='ocrx_word' id='word_1_28' title='bbox 1249 593 1556 657; x_wconf 91' lang='lat' dir='ltr'><strong>Directus</strong></span> <span class='ocrx_word' id='word_1_29' title='bbox 1597 593 1814 679; x_wconf 88' lang='lat' dir='ltr'><strong>itaque</strong></span> <span class='ocrx_word' id='word_1_30' title='bbox 1874 603 1970 658; x_wconf 90' lang='lat' dir='ltr'><strong>est</strong></span> <span class='ocrx_word' id='word_1_31' title='bbox 2009 593 2246 658; x_wconf 80' lang='lat' dir='ltr'><strong>Remos</strong></span> <span class='ocrx_word' id='word_1_32' title='bbox 2293 591 2466 658; x_wconf 86' lang='lat' dir='ltr'><strong>Saxo</strong></span> 
     </span>
     <span class='ocr_line' id='line_1_5' title="bbox 229 676 2467 764; baseline 0 -24"><span class='ocrx_word' id='word_1_33' title='bbox 229 677 521 764; x_wconf 90' lang='lat' dir='ltr'><strong>quidam,</strong></span> <span class='ocrx_word' id='word_1_34' title='bbox 597 678 707 763; x_wconf 89' lang='lat' dir='ltr'><strong>qui</strong></span> <span class='ocrx_word' id='word_1_35' title='bbox 771 677 854 742; x_wconf 87' lang='lat' dir='ltr'><strong>ad</strong></span> <span class='ocrx_word' id='word_1_36' title='bbox 918 677 1076 742; x_wconf 90' lang='lat' dir='ltr'><strong>haec</strong></span> <span class='ocrx_word' id='word_1_37' title='bbox 1138 677 1479 742; x_wconf 87' lang='lat' dir='ltr'><strong>videbatur</strong></span> <span class='ocrx_word' id='word_1_38' title='bbox 1542 676 1831 741; x_wconf 90' lang='lat' dir='ltr'><strong>idoneus.</strong></span> <span class='ocrx_word' id='word_1_39' title='bbox 1938 677 2004 742; x_wconf 94' lang='lat' dir='ltr'><strong>Is</strong></span> <span class='ocrx_word' id='word_1_40' title='bbox 2072 699 2221 741; x_wconf 91' lang='lat' dir='ltr'><strong>cum</strong></span> <span class='ocrx_word' id='word_1_41' title='bbox 2279 676 2467 741; x_wconf 90' lang='lat' dir='ltr'><strong>scolis</strong></span> 
     </span>
     <span class='ocr_line' id='line_1_6' title="bbox 225 757 2468 847; baseline 0.001 -22"><span class='ocrx_word' id='word_1_42' title='bbox 225 763 568 827; x_wconf 82' lang='lat' dir='ltr'><strong>interesset</strong></span> <span class='ocrx_word' id='word_1_43' title='bbox 610 770 675 826; x_wconf 94' lang='lat' dir='ltr'><strong>et</strong></span> <span class='ocrx_word' id='word_1_44' title='bbox 716 770 902 826; x_wconf 88' lang='lat' dir='ltr'><strong>caute</strong></span> <span class='ocrx_word' id='word_1_45' title='bbox 945 783 1253 846; x_wconf 86' lang='lat' dir='ltr'><strong>generum</strong></span> <span class='ocrx_word' id='word_1_46' title='bbox 1296 760 1640 825; x_wconf 85' lang='lat' dir='ltr'><strong>divisiones</strong></span> <span class='ocrx_word' id='word_1_47' title='bbox 1683 783 1725 825; x_wconf 92' lang='lat' dir='ltr'><strong>a</strong></span> <span class='ocrx_word' id='word_1_48' title='bbox 1768 757 2082 826; x_wconf 77' lang='lat' dir='ltr'><strong>Gerberto</strong></span> <span class='ocrx_word' id='word_1_49' title='bbox 2127 760 2468 847; x_wconf 81' lang='lat' dir='ltr'><strong>dispositas</strong></span> 
     </span>
     <span class='ocr_line' id='line_1_7' title="bbox 231 843 2468 931; baseline -0.001 -21"><span class='ocrx_word' id='word_1_50' title='bbox 231 844 385 910; x_wconf 84' lang='lat' dir='ltr'><strong>colli</strong></span> <span class='ocrx_word' id='word_1_51' title='bbox 433 853 583 928; x_wconf 88' lang='lat' dir='ltr'><strong>eret,</strong></span> <span class='ocrx_word' id='word_1_52' title='bbox 627 846 696 908; x_wconf 91' lang='lat' dir='ltr'><strong>in</strong></span> <span class='ocrx_word' id='word_1_53' title='bbox 738 867 816 909; x_wconf 87' lang='lat' dir='ltr'><strong>ea</strong></span> <span class='ocrx_word' id='word_1_54' title='bbox 856 853 1075 909; x_wconf 91' lang='lat' dir='ltr'><strong>tamen</strong></span> <span class='ocrx_word' id='word_1_55' title='bbox 1116 846 1396 910; x_wconf 83' lang='lat' dir='ltr'><strong>maxime</strong></span> <span class='ocrx_word' id='word_1_56' title='bbox 1425 843 1759 926; x_wconf 89' lang='lat' dir='ltr'><strong>divisione,</strong></span> <span class='ocrx_word' id='word_1_57' title='bbox 1805 867 1971 931; x_wconf 91' lang='lat' dir='ltr'><strong>quae</strong></span> <span class='ocrx_word' id='word_1_58' title='bbox 1999 844 2468 931; x_wconf 81' lang='lat' dir='ltr'><strong>philosophiam</strong></span> 
     </span>
     <span class='ocr_line' id='line_1_8' title="bbox 227 868 2014 1014; baseline -0.001 -20"><span class='ocrx_word' id='word_1_59' title='bbox 227 929 323 994; x_wconf 86' lang='lat' dir='ltr'><strong>ad</strong></span> <span class='ocrx_word' id='word_1_60' title='bbox 363 868 624 1014; x_wconf 45' lang='lat' dir='ltr'><strong>pffenum</strong></span> <span class='ocrx_word' id='word_1_61' title='bbox 666 928 913 1011; x_wconf 92' lang='lat' dir='ltr'><strong>dividit,</strong></span> <span class='ocrx_word' id='word_1_62' title='bbox 955 927 1301 1014; x_wconf 88' lang='lat' dir='ltr'><strong>plurimum</strong></span> <span class='ocrx_word' id='word_1_63' title='bbox 1346 928 1570 993; x_wconf 82' lang='lat' dir='ltr'><strong>ordine</strong></span> <span class='ocrx_word' id='word_1_64' title='bbox 1612 929 1852 994; x_wconf 88' lang='lat' dir='ltr'><strong>abusus</strong></span> <span class='ocrx_word' id='word_1_65' title='bbox 1897 938 2014 994; x_wconf 88' lang='lat' dir='ltr'><strong>est.</strong></span> 
     </span>
    </p>
   </div>
   <div class='ocr_carea' id='block_1_3' title="bbox 229 1047 2472 1218">
    <p class='ocr_par' dir='ltr' id='par_1_3' title="bbox 229 1047 2472 1218">
     <span class='ocr_line' id='line_1_9' title="bbox 229 1047 2472 1135; baseline -0.001 -20"><span class='ocrx_word' id='word_1_66' title='bbox 229 1051 342 1115; x_wconf 85' lang='lat'><strong>56.</strong></span> <span class='ocrx_word' id='word_1_67' title='bbox 426 1050 667 1135; x_wconf 82' lang='lat' dir='ltr'><strong>Figura</strong></span> <span class='ocrx_word' id='word_1_68' title='bbox 712 1047 1012 1116; x_wconf 78' lang='lat' dir='ltr'><strong>Gerberti</strong></span> <span class='ocrx_word' id='word_1_69' title='bbox 1113 1047 1512 1134; x_wconf 89' lang='lat' dir='ltr'><strong>hilosophica</strong></span> <span class='ocrx_word' id='word_1_70' title='bbox 1562 1071 1680 1133; x_wconf 93' lang='lat' dir='ltr'><strong>per</strong></span> <span class='ocrx_word' id='word_1_71' title='bbox 1731 1047 2062 1114; x_wconf 88' lang='lat' dir='ltr'><strong>malivolos</strong></span> <span class='ocrx_word' id='word_1_72' title='bbox 2124 1048 2472 1134; x_wconf 86' lang='lat' dir='ltr'><strong>depravata</strong></span> 
     </span>
     <span class='ocr_line' id='line_1_10' title="bbox 910 1070 1809 1218; baseline 0 -21"><span class='ocrx_word' id='word_1_73' title='bbox 910 1131 993 1197; x_wconf 89' lang='lat' dir='ltr'><strong>ab</strong></span> <span class='ocrx_word' id='word_1_74' title='bbox 1039 1070 1259 1198; x_wconf 44' lang='lat' dir='ltr'><strong>(ltrico</strong></span> <span class='ocrx_word' id='word_1_75' title='bbox 1304 1132 1809 1218; x_wconf 84' lang='lat' dir='ltr'><strong>reprehenditur.</strong></span> 
     </span>
    </p>
   </div>
   <div class='ocr_carea' id='block_1_4' title="bbox 203 1233 2588 3664">
    <p class='ocr_par' dir='ltr' id='par_1_4' title="bbox 230 1233 2473 2744">
     <span class='ocr_line' id='line_1_11' title="bbox 407 1233 2472 1320; baseline 0.001 -22"><span class='ocrx_word' id='word_1_76' title='bbox 407 1235 665 1298; x_wconf 85' lang='lat' dir='ltr'><strong>Etenim</strong></span> <span class='ocrx_word' id='word_1_77' title='bbox 736 1256 881 1298; x_wconf 90' lang='grc'>011111</span> <span class='ocrx_word' id='word_1_78' title='bbox 943 1233 1428 1299; x_wconf 84' lang='lat' dir='ltr'><strong>mathematicae</strong></span> <span class='ocrx_word' id='word_1_79' title='bbox 1487 1233 1734 1319; x_wconf 89' lang='lat' dir='ltr'><strong>phisica</strong></span> <span class='ocrx_word' id='word_1_80' title='bbox 1787 1256 1906 1319; x_wconf 90' lang='lat' dir='ltr'><strong>par</strong></span> <span class='ocrx_word' id='word_1_81' title='bbox 1984 1243 2174 1320; x_wconf 90' lang='lat' dir='ltr'><strong>atque</strong></span> <span class='ocrx_word' id='word_1_82' title='bbox 2235 1256 2472 1300; x_wconf 87' lang='lat' dir='ltr'><strong>coaeva</strong></span> 
     </span>
     <span class='ocr_line' id='line_1_12' title="bbox 232 1316 2469 1404; baseline -0.001 -21"><span class='ocrx_word' id='word_1_83' title='bbox 232 1343 281 1383; x_wconf 83' lang='lat' dir='ltr'><strong>a</strong></span> <span class='ocrx_word' id='word_1_84' title='bbox 324 1317 638 1384; x_wconf 82' lang='lat' dir='ltr'><strong>Gerberto</strong></span> <span class='ocrx_word' id='word_1_85' title='bbox 684 1320 894 1404; x_wconf 89' lang='lat' dir='ltr'><strong>posita</strong></span> <span class='ocrx_word' id='word_1_86' title='bbox 936 1318 1181 1400; x_wconf 89' lang='lat' dir='ltr'><strong>fuisset,</strong></span> <span class='ocrx_word' id='word_1_87' title='bbox 1239 1317 1321 1382; x_wconf 90' lang='lat' dir='ltr'><strong>ab</strong></span> <span class='ocrx_word' id='word_1_88' title='bbox 1365 1317 1489 1382; x_wconf 88' lang='lat' dir='ltr'><strong>hoc</strong></span> <span class='ocrx_word' id='word_1_89' title='bbox 1532 1316 2018 1384; x_wconf 83' lang='lat' dir='ltr'><strong>mathematicae</strong></span> <span class='ocrx_word' id='word_1_90' title='bbox 2064 1319 2288 1384; x_wconf 90' lang='lat' dir='ltr'><strong>eadem</strong></span> <span class='ocrx_word' id='word_1_91' title='bbox 2331 1318 2469 1404; x_wconf 91' lang='lat' dir='ltr'><strong>phi-</strong></span> 
     </span>
     <span class='ocr_line' id='line_1_13' title="bbox 231 1401 2467 1488; baseline -0 -21"><span class='ocrx_word' id='word_1_92' title='bbox 231 1403 371 1467; x_wconf 82' lang='lat' dir='ltr'><strong>sica</strong></span> <span class='ocrx_word' id='word_1_93' title='bbox 432 1413 503 1467; x_wconf 92' lang='lat' dir='ltr'><strong>ut</strong></span> <span class='ocrx_word' id='word_1_94' title='bbox 564 1402 784 1487; x_wconf 88' lang='lat' dir='ltr'><strong>generi</strong></span> <span class='ocrx_word' id='word_1_95' title='bbox 848 1404 1095 1487; x_wconf 88' lang='lat' dir='ltr'><strong>species</strong></span> <span class='ocrx_word' id='word_1_96' title='bbox 1158 1401 1415 1466; x_wconf 89' lang='lat' dir='ltr'><strong>subdita</strong></span> <span class='ocrx_word' id='word_1_97' title='bbox 1456 1412 1571 1466; x_wconf 87' lang='lat' dir='ltr'><strong>est.</strong></span> <span class='ocrx_word' id='word_1_98' title='bbox 1670 1401 2143 1488; x_wconf 88' lang='lat' dir='ltr'><strong>Incertumque,</strong></span> <span class='ocrx_word' id='word_1_99' title='bbox 2208 1414 2423 1468; x_wconf 91' lang='lat' dir='ltr'><strong>utrum</strong></span> <span class='ocrx_word' id='word_1_100' title='bbox 2439 1413 2467 1445; x_wconf 73' lang='lat'>⁸</span> 
     </span>
     <span class='ocr_line' id='line_1_14' title="bbox 231 1484 2471 1572; baseline 0 -22"><span class='ocrx_word' id='word_1_101' title='bbox 231 1486 551 1550; x_wconf 88' lang='lat' dir='ltr'><strong>industria</strong></span> <span class='ocrx_word' id='word_1_102' title='bbox 607 1507 692 1550; x_wconf 89' lang='lat' dir='ltr'><strong>an</strong></span> <span class='ocrx_word' id='word_1_103' title='bbox 744 1508 956 1551; x_wconf 90' lang='lat' dir='ltr'><strong>errore</strong></span> <span class='ocrx_word' id='word_1_104' title='bbox 1010 1486 1078 1550; x_wconf 89' lang='lat' dir='ltr'><strong>id</strong></span> <span class='ocrx_word' id='word_1_105' title='bbox 1132 1485 1375 1550; x_wconf 85' lang='lat' dir='ltr'><strong>factum</strong></span> <span class='ocrx_word' id='word_1_106' title='bbox 1434 1488 1533 1550; x_wconf 92' lang='lat' dir='ltr'><strong>sit.</strong></span> <span class='ocrx_word' id='word_1_107' title='bbox 1636 1485 1870 1572; x_wconf 88' lang='lat' dir='ltr'><strong>Sicque</strong></span> <span class='ocrx_word' id='word_1_108' title='bbox 1931 1508 2078 1550; x_wconf 90' lang='lat' dir='ltr'><strong>cum</strong></span> <span class='ocrx_word' id='word_1_109' title='bbox 2135 1484 2471 1572; x_wconf 84' lang='lat' dir='ltr'><strong>multiplici</strong></span> 
     </span>
     <span class='ocr_line' id='line_1_15' title="bbox 234 1569 2471 1656; baseline 0 -22"><span class='ocrx_word' id='word_1_110' title='bbox 234 1570 633 1635; x_wconf 86' lang='lat' dir='ltr'><strong>diversarum</strong></span> <span class='ocrx_word' id='word_1_111' title='bbox 662 1593 876 1634; x_wconf 91' lang='lat' dir='ltr'><strong>rerum</strong></span> <span class='ocrx_word' id='word_1_112' title='bbox 906 1569 1352 1636; x_wconf 88' lang='lat' dir='ltr'><strong>distributione</strong></span> <span class='ocrx_word' id='word_1_113' title='bbox 1384 1570 1606 1635; x_wconf 88' lang='lat' dir='ltr'><strong>Otrico</strong></span> <span class='ocrx_word' id='word_1_114' title='bbox 1636 1569 1845 1656; x_wconf 90' lang='lat' dir='ltr'><strong>figura</strong></span> <span class='ocrx_word' id='word_1_115' title='bbox 1872 1569 2082 1635; x_wconf 86' lang='lat' dir='ltr'><strong>delata</strong></span> <span class='ocrx_word' id='word_1_116' title='bbox 2109 1580 2224 1635; x_wconf 88' lang='lat' dir='ltr'><strong>est.</strong></span> <span class='ocrx_word' id='word_1_117' title='bbox 2256 1570 2471 1652; x_wconf 81' lang='lat' dir='ltr'><strong>Quam</strong></span> 
     </span>
     <span class='ocr_line' id='line_1_16' title="bbox 230 1652 2468 1741; baseline 0 -23"><span class='ocrx_word' id='word_1_118' title='bbox 230 1655 377 1739; x_wconf 86' lang='lat' dir='ltr'><strong>ipse</strong></span> <span class='ocrx_word' id='word_1_119' title='bbox 421 1654 903 1740; x_wconf 83' lang='lat' dir='ltr'><strong>diligentissime</strong></span> <span class='ocrx_word' id='word_1_120' title='bbox 946 1653 1299 1735; x_wconf 76' lang='lat' dir='ltr'><strong>revolvenS,</strong></span> <span class='ocrx_word' id='word_1_121' title='bbox 1344 1653 1733 1720; x_wconf 79' lang='lat' dir='ltr'><strong>Gerbertum</strong></span> <span class='ocrx_word' id='word_1_122' title='bbox 1775 1652 1940 1718; x_wconf 85' lang='lat' dir='ltr'><strong>male</strong></span> <span class='ocrx_word' id='word_1_123' title='bbox 1972 1654 2262 1719; x_wconf 83' lang='lat' dir='ltr'><strong>divisisse</strong></span> <span class='ocrx_word' id='word_1_124' title='bbox 2292 1653 2468 1741; x_wconf 86' lang='lat' dir='ltr'><strong>apud</strong></span> 
     </span>
     <span class='ocr_line' id='line_1_17' title="bbox 233 1737 2470 1825; baseline 0 -23"><span class='ocrx_word' id='word_1_125' title='bbox 233 1760 389 1802; x_wconf 86' lang='lat' dir='ltr'><strong>suos</strong></span> <span class='ocrx_word' id='word_1_126' title='bbox 444 1738 979 1818; x_wconf 89' lang='lat' dir='ltr'><strong>calumniabatur,</strong></span> <span class='ocrx_word' id='word_1_127' title='bbox 1038 1761 1113 1803; x_wconf 92' lang='lat' dir='ltr'><strong>eo</strong></span> <span class='ocrx_word' id='word_1_128' title='bbox 1171 1737 1345 1825; x_wconf 89' lang='lat' dir='ltr'><strong>quod</strong></span> <span class='ocrx_word' id='word_1_129' title='bbox 1388 1737 1662 1803; x_wconf 87' lang='lat' dir='ltr'><strong>duarum</strong></span> <span class='ocrx_word' id='word_1_130' title='bbox 1705 1738 2068 1824; x_wconf 88' lang='lat' dir='ltr'><strong>aequalium</strong></span> <span class='ocrx_word' id='word_1_131' title='bbox 2111 1740 2470 1824; x_wconf 87' lang='lat' dir='ltr'><strong>specierum</strong></span> 
     </span>
     <span class='ocr_line' id='line_1_18' title="bbox 233 1821 2470 1907; baseline 0 -21"><span class='ocrx_word' id='word_1_132' title='bbox 233 1821 418 1888; x_wconf 83' lang='lat' dir='ltr'><strong>alteri</strong></span> <span class='ocrx_word' id='word_1_133' title='bbox 471 1821 731 1888; x_wconf 88' lang='lat' dir='ltr'><strong>alteram</strong></span> <span class='ocrx_word' id='word_1_134' title='bbox 794 1823 1202 1888; x_wconf 88' lang='lat' dir='ltr'><strong>substitutam</strong></span> <span class='ocrx_word' id='word_1_135' title='bbox 1246 1831 1318 1884; x_wconf 92' lang='lat' dir='ltr'><strong>ut</strong></span> <span class='ocrx_word' id='word_1_136' title='bbox 1359 1824 1578 1906; x_wconf 88' lang='lat' dir='ltr'><strong>generi</strong></span> <span class='ocrx_word' id='word_1_137' title='bbox 1637 1825 1918 1907; x_wconf 87' lang='lat' dir='ltr'><strong>speciem</strong></span> <span class='ocrx_word' id='word_1_138' title='bbox 1960 1821 2167 1906; x_wconf 87' lang='lat' dir='ltr'><strong>figura</strong></span> <span class='ocrx_word' id='word_1_139' title='bbox 2209 1824 2470 1888; x_wconf 90' lang='lat' dir='ltr'><strong>mentie-</strong></span> 
     </span>
     <span class='ocr_line' id='line_1_19' title="bbox 232 1904 2467 1993; baseline -0.001 -21"><span class='ocrx_word' id='word_1_140' title='bbox 232 1906 443 1972; x_wconf 86' lang='lat' dir='ltr'><strong>batur.</strong></span> <span class='ocrx_word' id='word_1_141' title='bbox 503 1909 601 1970; x_wconf 89' lang='lat' dir='ltr'><strong>Ac</strong></span> <span class='ocrx_word' id='word_1_142' title='bbox 654 1929 771 1993; x_wconf 92' lang='lat' dir='ltr'><strong>per</strong></span> <span class='ocrx_word' id='word_1_143' title='bbox 820 1905 964 1985; x_wconf 90' lang='lat' dir='ltr'><strong>hoc,</strong></span> <span class='ocrx_word' id='word_1_144' title='bbox 1008 1904 1166 1968; x_wconf 84' lang='lat' dir='ltr'><strong>nihil</strong></span> <span class='ocrx_word' id='word_1_145' title='bbox 1209 1927 1359 1970; x_wconf 90' lang='lat' dir='ltr'><strong>eum</strong></span> <span class='ocrx_word' id='word_1_146' title='bbox 1418 1904 1862 1989; x_wconf 89' lang='lat' dir='ltr'><strong>philosophiae</strong></span> <span class='ocrx_word' id='word_1_147' title='bbox 1908 1906 2302 1990; x_wconf 88' lang='lat' dir='ltr'><strong>percepisse,</strong></span> <span class='ocrx_word' id='word_1_148' title='bbox 2361 1928 2467 1969; x_wconf 89' lang='lat' dir='ltr'><strong>au·</strong></span> 
     </span>
     <span class='ocr_line' id='line_1_20' title="bbox 234 1987 2466 2072; baseline -0.001 -18"><span class='ocrx_word' id='word_1_149' title='bbox 234 1990 458 2055; x_wconf 85' lang='lat' dir='ltr'><strong>dacter</strong></span> <span class='ocrx_word' id='word_1_150' title='bbox 514 1990 859 2055; x_wconf 86' lang='lat' dir='ltr'><strong>astruebat.</strong></span> <span class='ocrx_word' id='word_1_151' title='bbox 958 1987 1256 2072; x_wconf 90' lang='lat' dir='ltr'><strong>Illudque</strong></span> <span class='ocrx_word' id='word_1_152' title='bbox 1323 2009 1469 2052; x_wconf 92' lang='lat' dir='ltr'><strong>eum</strong></span> <span class='ocrx_word' id='word_1_153' title='bbox 1511 1988 1768 2072; x_wconf 91' lang='lat' dir='ltr'><strong>penitus</strong></span> <span class='ocrx_word' id='word_1_154' title='bbox 1824 1988 2137 2070; x_wconf 85' lang='lat' dir='ltr'><strong>ignorare,</strong></span> <span class='ocrx_word' id='word_1_155' title='bbox 2197 1987 2466 2069; x_wconf 88' lang='lat' dir='ltr'><strong>dicebat,</strong></span> 
     </span>
     <span class='ocr_line' id='line_1_21' title="bbox 233 2070 2471 2160; baseline -0.001 -22"><span class='ocrx_word' id='word_1_156' title='bbox 233 2077 305 2138; x_wconf 91' lang='lat' dir='ltr'><strong>in</strong></span> <span class='ocrx_word' id='word_1_157' title='bbox 348 2095 474 2160; x_wconf 89' lang='lat' dir='ltr'><strong>quo</strong></span> <span class='ocrx_word' id='word_1_158' title='bbox 521 2074 742 2138; x_wconf 90' lang='lat' dir='ltr'><strong>divina</strong></span> <span class='ocrx_word' id='word_1_159' title='bbox 785 2083 847 2137; x_wconf 91' lang='lat' dir='ltr'><strong>et</strong></span> <span class='ocrx_word' id='word_1_160' title='bbox 888 2073 1170 2136; x_wconf 88' lang='lat' dir='ltr'><strong>humana</strong></span> <span class='ocrx_word' id='word_1_161' title='bbox 1213 2071 1585 2152; x_wconf 84' lang='lat' dir='ltr'><strong>consistunt,</strong></span> <span class='ocrx_word' id='word_1_162' title='bbox 1630 2071 1765 2135; x_wconf 89' lang='lat' dir='ltr'><strong>sine</strong></span> <span class='ocrx_word' id='word_1_163' title='bbox 1809 2071 2041 2154; x_wconf 89' lang='lat' dir='ltr'><strong>quibus</strong></span> <span class='ocrx_word' id='word_1_164' title='bbox 2083 2072 2276 2134; x_wconf 90' lang='lat' dir='ltr'><strong>etiam</strong></span> <span class='ocrx_word' id='word_1_165' title='bbox 2311 2070 2471 2136; x_wconf 90' lang='lat' dir='ltr'><strong>nulli</strong></span> 
     </span>
     <span class='ocr_line' id='line_1_22' title="bbox 236 2152 2470 2253; baseline -0.001 -31"><span class='ocrx_word' id='word_1_166' title='bbox 236 2159 323 2223; x_wconf 86' lang='lat' dir='ltr'><strong>sit</strong></span> <span class='ocrx_word' id='word_1_167' title='bbox 363 2156 965 2243; x_wconf 84' lang='lat' dir='ltr'><strong>philosophandum.</strong></span> <span class='ocrx_word' id='word_1_168' title='bbox 1051 2153 1225 2218; x_wconf 88' lang='lat' dir='ltr'><strong>Tulit</strong></span> <span class='ocrx_word' id='word_1_169' title='bbox 1266 2155 1482 2253; x_wconf 75' lang='lat' dir='ltr'><strong>itaque</strong></span> <span class='ocrx_word' id='word_1_170' title='bbox 1526 2154 1612 2218; x_wconf 89' lang='lat' dir='ltr'><strong>ad</strong></span> <span class='ocrx_word' id='word_1_171' title='bbox 1655 2152 1964 2239; x_wconf 87' lang='lat' dir='ltr'><strong>palatium</strong></span> <span class='ocrx_word' id='word_1_172' title='bbox 2006 2154 2280 2240; x_wconf 86' lang='lat' dir='ltr'><strong>figuram</strong></span> <span class='ocrx_word' id='word_1_173' title='bbox 2325 2177 2470 2219; x_wconf 90' lang='lat' dir='ltr'><strong>ean·</strong></span> 
     </span>
     <span class='ocr_line' id='line_1_23' title="bbox 238 2237 2473 2323; baseline -0.001 -17"><span class='ocrx_word' id='word_1_174' title='bbox 238 2241 409 2315; x_wconf 90' lang='lat' dir='ltr'><strong>dem,</strong></span> <span class='ocrx_word' id='word_1_175' title='bbox 454 2251 517 2305; x_wconf 92' lang='lat' dir='ltr'><strong>et</strong></span> <span class='ocrx_word' id='word_1_176' title='bbox 558 2262 777 2304; x_wconf 89' lang='lat' dir='ltr'><strong>coram</strong></span> <span class='ocrx_word' id='word_1_177' title='bbox 808 2239 1042 2304; x_wconf 90' lang='lat' dir='ltr'><strong>Ottone</strong></span> <span class='ocrx_word' id='word_1_178' title='bbox 1080 2246 1352 2322; x_wconf 86' lang='lat' dir='ltr'><strong>augusto</strong></span> <span class='ocrx_word' id='word_1_179' title='bbox 1382 2239 1460 2301; x_wconf 80' lang='lat' dir='ltr'><strong>lis</strong></span> <span class='ocrx_word' id='word_1_180' title='bbox 1491 2238 1603 2323; x_wconf 90' lang='lat' dir='ltr'><strong>qui</strong></span> <span class='ocrx_word' id='word_1_181' title='bbox 1633 2237 2048 2322; x_wconf 87' lang='lat' dir='ltr'><strong>sapientiores</strong></span> <span class='ocrx_word' id='word_1_182' title='bbox 2090 2238 2473 2304; x_wconf 89' lang='lat' dir='ltr'><strong>videbantur</strong></span> 
     </span>
     <span class='ocr_line' id='line_1_24' title="bbox 236 2319 2471 2408; baseline -0.001 -20"><span class='ocrx_word' id='word_1_183' title='bbox 236 2346 383 2388; x_wconf 89' lang='lat' dir='ltr'><strong>eam</strong></span> <span class='ocrx_word' id='word_1_184' title='bbox 427 2322 791 2408; x_wconf 85' lang='lat' dir='ltr'><strong>explicavit.</strong></span> <span class='ocrx_word' id='word_1_185' title='bbox 877 2321 1209 2406; x_wconf 85' lang='lat' dir='ltr'><strong>Augustus</strong></span> <span class='ocrx_word' id='word_1_186' title='bbox 1252 2343 1428 2404; x_wconf 88' lang='lat' dir='ltr'><strong>ver0,</strong></span> <span class='ocrx_word' id='word_1_187' title='bbox 1489 2344 1637 2386; x_wconf 89' lang='lat' dir='ltr'><strong>cum</strong></span> <span class='ocrx_word' id='word_1_188' title='bbox 1679 2331 1743 2384; x_wconf 93' lang='lat' dir='ltr'><strong>et</strong></span> <span class='ocrx_word' id='word_1_189' title='bbox 1784 2322 1924 2405; x_wconf 89' lang='lat' dir='ltr'><strong>ipse</strong></span> <span class='ocrx_word' id='word_1_190' title='bbox 1967 2319 2190 2386; x_wconf 85' lang='lat' dir='ltr'><strong>talium</strong></span> <span class='ocrx_word' id='word_1_191' title='bbox 2233 2322 2471 2386; x_wconf 90' lang='lat' dir='ltr'><strong>studio-</strong></span> 
     </span>
     <span class='ocr_line' id='line_1_25' title="bbox 238 2404 2470 2486; baseline -0 -16"><span class='ocrx_word' id='word_1_192' title='bbox 238 2407 527 2470; x_wconf 87' lang='lat' dir='ltr'><strong>sissimus</strong></span> <span class='ocrx_word' id='word_1_193' title='bbox 598 2406 934 2471; x_wconf 88' lang='lat' dir='ltr'><strong>haberetur</strong></span> <span class='ocrx_word' id='word_1_194' title='bbox 951 2453 967 2486; x_wconf 98' lang='lat'><strong>,</strong></span> <span class='ocrx_word' id='word_1_195' title='bbox 1038 2427 1123 2468; x_wconf 91' lang='lat' dir='ltr'><strong>an</strong></span> <span class='ocrx_word' id='word_1_196' title='bbox 1194 2404 1547 2471; x_wconf 78' lang='lat' dir='ltr'><strong>Gerbertus</strong></span> <span class='ocrx_word' id='word_1_197' title='bbox 1619 2405 1941 2486; x_wconf 86' lang='lat' dir='ltr'><strong>erraverit,</strong></span> <span class='ocrx_word' id='word_1_198' title='bbox 2014 2405 2470 2471; x_wconf 88' lang='lat' dir='ltr'><strong>admirabatur.</strong></span> 
     </span>
     <span class='ocr_line' id='line_1_26' title="bbox 241 2487 2468 2573; baseline 0.001 -20"><span class='ocrx_word' id='word_1_199' title='bbox 241 2489 509 2554; x_wconf 88' lang='lat' dir='ltr'><strong>Viderat</strong></span> <span class='ocrx_word' id='word_1_200' title='bbox 560 2491 793 2556; x_wconf 90' lang='lat' dir='ltr'><strong>etenim</strong></span> <span class='ocrx_word' id='word_1_201' title='bbox 866 2489 1042 2553; x_wconf 89' lang='lat' dir='ltr'><strong>illum</strong></span> <span class='ocrx_word' id='word_1_202' title='bbox 1111 2498 1176 2554; x_wconf 93' lang='lat' dir='ltr'><strong>et</strong></span> <span class='ocrx_word' id='word_1_203' title='bbox 1229 2511 1359 2553; x_wconf 91' lang='lat' dir='ltr'><strong>non</strong></span> <span class='ocrx_word' id='word_1_204' title='bbox 1416 2487 1614 2554; x_wconf 90' lang='lat' dir='ltr'><strong>semel</strong></span> <span class='ocrx_word' id='word_1_205' title='bbox 1671 2488 2103 2573; x_wconf 88' lang='lat' dir='ltr'><strong>disputantem</strong></span> <span class='ocrx_word' id='word_1_206' title='bbox 2159 2489 2468 2555; x_wconf 88' lang='lat' dir='ltr'><strong>audierat.</strong></span> 
     </span>
     <span class='ocr_line' id='line_1_27' title="bbox 236 2571 2468 2658; baseline -0 -19"><span class='ocrx_word' id='word_1_207' title='bbox 236 2573 429 2639; x_wconf 91' lang='lat' dir='ltr'><strong>Unde</strong></span> <span class='ocrx_word' id='word_1_208' title='bbox 494 2585 555 2639; x_wconf 90' lang='lat' dir='ltr'><strong>et</strong></span> <span class='ocrx_word' id='word_1_209' title='bbox 607 2575 689 2639; x_wconf 88' lang='lat' dir='ltr'><strong>ab</strong></span> <span class='ocrx_word' id='word_1_210' title='bbox 756 2595 831 2638; x_wconf 93' lang='lat' dir='ltr'><strong>eo</strong></span> <span class='ocrx_word' id='word_1_211' title='bbox 941 2573 1220 2638; x_wconf 87' lang='lat' dir='ltr'><strong>redictae</strong></span> <span class='ocrx_word' id='word_1_212' title='bbox 1286 2573 1488 2658; x_wconf 80' lang='lat' dir='ltr'><strong>figure</strong></span> <span class='ocrx_word' id='word_1_213' title='bbox 1551 2571 1932 2638; x_wconf 88' lang='lat' dir='ltr'><strong>solutionem</strong></span> <span class='ocrx_word' id='word_1_214' title='bbox 1994 2573 2136 2638; x_wconf 90' lang='lat' dir='ltr'><strong>fieri</strong></span> <span class='ocrx_word' id='word_1_215' title='bbox 2197 2574 2468 2638; x_wconf 90' lang='lat' dir='ltr'><strong>nimium</strong></span> 
     </span>
     <span class='ocr_line' id='line_1_28' title="bbox 236 2597 1442 2744; baseline -0.002 -22"><span class='ocrx_word' id='word_1_216' title='bbox 236 2655 521 2744; x_wconf 86' lang='lat' dir='ltr'><strong>optabat.</strong></span> <span class='ocrx_word' id='word_1_217' title='bbox 609 2657 747 2722; x_wconf 88' lang='lat' dir='ltr'><strong>Nec</strong></span> <span class='ocrx_word' id='word_1_218' title='bbox 790 2597 990 2722; x_wconf 60' lang='lat' dir='ltr'><strong>deflpiit</strong></span> <span class='ocrx_word' id='word_1_219' title='bbox 1031 2658 1126 2722; x_wconf 92' lang='lat' dir='ltr'><strong>rei</strong></span> <span class='ocrx_word' id='word_1_220' title='bbox 1169 2659 1442 2722; x_wconf 86' lang='lat' dir='ltr'><strong>occasio.</strong></span> 
     </span>
    </p>

    <p class='ocr_par' dir='ltr' id='par_1_5' title="bbox 203 2739 2588 3664">
     <span class='ocr_line' id='line_1_29' title="bbox 404 2739 2588 2826; baseline 0.001 -20"><span class='ocrx_word' id='word_1_221' title='bbox 404 2743 505 2806; x_wconf 83' lang='lat'><strong>57.</strong></span> <span class='ocrx_word' id='word_1_222' title='bbox 578 2740 747 2805; x_wconf 88' lang='lat' dir='ltr'><strong>Nam</strong></span> <span class='ocrx_word' id='word_1_223' title='bbox 773 2741 1176 2807; x_wconf 86' lang='lat' dir='ltr'><strong>venerandus</strong></span> <span class='ocrx_word' id='word_1_224' title='bbox 1204 2743 1554 2806; x_wconf 90' lang='lat' dir='ltr'><strong>Remorum</strong></span> <span class='ocrx_word' id='word_1_225' title='bbox 1584 2739 2110 2826; x_wconf 86' lang='lat' dir='ltr'><strong>metropolitanus</strong></span> <span class='ocrx_word' id='word_1_226' title='bbox 2138 2741 2464 2808; x_wconf 88' lang='lat' dir='ltr'><strong>Adalbero</strong></span> <span class='ocrx_word' id='word_1_227' title='bbox 2484 2757 2588 2801; x_wconf 77' lang='lat'><strong>⁹80·</strong></span> 
     </span>
     <span class='ocr_line' id='line_1_30' title="bbox 232 2823 2468 2910; baseline 0 -20"><span class='ocrx_word' id='word_1_228' title='bbox 232 2835 385 2910; x_wconf 87' lang='lat' dir='ltr'><strong>post</strong></span> <span class='ocrx_word' id='word_1_229' title='bbox 426 2825 703 2890; x_wconf 90' lang='lat' dir='ltr'><strong>eundem</strong></span> <span class='ocrx_word' id='word_1_230' title='bbox 745 2848 985 2890; x_wconf 90' lang='lat' dir='ltr'><strong>annum</strong></span> <span class='ocrx_word' id='word_1_231' title='bbox 1028 2827 1301 2890; x_wconf 89' lang='lat' dir='ltr'><strong>Romam</strong></span> <span class='ocrx_word' id='word_1_232' title='bbox 1362 2847 1508 2890; x_wconf 87' lang='lat' dir='ltr'><strong>cum</strong></span> <span class='ocrx_word' id='word_1_233' title='bbox 1554 2823 1866 2890; x_wconf 77' lang='lat' dir='ltr'><strong>Gerberto</strong></span> <span class='ocrx_word' id='word_1_234' title='bbox 1912 2826 2173 2910; x_wconf 90' lang='lat' dir='ltr'><strong>petebat</strong></span> <span class='ocrx_word' id='word_1_235' title='bbox 2227 2850 2303 2891; x_wconf 89' lang='lat' dir='ltr'><strong>ac</strong></span> <span class='ocrx_word' id='word_1_236' title='bbox 2362 2827 2468 2891; x_wconf 89' lang='lat' dir='ltr'><strong>Ti-</strong></span> 
     </span>
     <span class='ocr_line' id='line_1_31' title="bbox 236 2908 2469 2996; baseline 0 -23"><span class='ocrx_word' id='word_1_237' title='bbox 236 2911 365 2974; x_wconf 87' lang='lat' dir='ltr'><strong>cini</strong></span> <span class='ocrx_word' id='word_1_238' title='bbox 384 2922 405 2955; x_wconf 88' lang='lat'>1</span> <span class='ocrx_word' id='word_1_239' title='bbox 452 2919 798 2996; x_wconf 89' lang='lat' dir='ltr'><strong>augustum</strong></span> <span class='ocrx_word' id='word_1_240' title='bbox 837 2932 985 2974; x_wconf 90' lang='grc'>011111</span> <span class='ocrx_word' id='word_1_241' title='bbox 1016 2909 1237 2974; x_wconf 71' lang='grc'>0131100</span> <span class='ocrx_word' id='word_1_242' title='bbox 1282 2910 1586 2995; x_wconf 89' lang='lat' dir='ltr'><strong>repperit.</strong></span> <span class='ocrx_word' id='word_1_243' title='bbox 1657 2908 1719 2972; x_wconf 92' lang='lat' dir='ltr'>A</span> <span class='ocrx_word' id='word_1_244' title='bbox 1751 2930 1877 2994; x_wconf 89' lang='lat' dir='ltr'><strong>quo</strong></span> <span class='ocrx_word' id='word_1_245' title='bbox 1907 2909 2100 2974; x_wconf 86' lang='lat' dir='ltr'><strong>etiam</strong></span> <span class='ocrx_word' id='word_1_246' title='bbox 2130 2909 2469 2996; x_wconf 85' lang='lat' dir='ltr'><strong>magnifice</strong></span> 
     </span>
     <span class='ocr_line' id='line_1_32' title="bbox 236 2992 2472 3079; baseline 0 -21"><span class='ocrx_word' id='word_1_247' title='bbox 236 3004 546 3078; x_wconf 87' lang='lat' dir='ltr'><strong>exceptus</strong></span> <span class='ocrx_word' id='word_1_248' title='bbox 605 3003 703 3058; x_wconf 90' lang='lat' dir='ltr'><strong>est</strong></span> <span class='ocrx_word' id='word_1_249' title='bbox 757 2993 1119 3079; x_wconf 90' lang='lat' dir='ltr'><strong>ductusque</strong></span> <span class='ocrx_word' id='word_1_250' title='bbox 1170 3016 1289 3079; x_wconf 90' lang='lat' dir='ltr'><strong>per</strong></span> <span class='ocrx_word' id='word_1_251' title='bbox 1338 2993 1592 3058; x_wconf 89' lang='lat' dir='ltr'><strong>Padum</strong></span> <span class='ocrx_word' id='word_1_252' title='bbox 1646 2992 1847 3058; x_wconf 87' lang='lat' dir='ltr'><strong>classe</strong></span> <span class='ocrx_word' id='word_1_253' title='bbox 1900 2993 2296 3059; x_wconf 88' lang='lat' dir='ltr'><strong>Ravennam.</strong></span> <span class='ocrx_word' id='word_1_254' title='bbox 2383 2995 2472 3060; x_wconf 91' lang='lat' dir='ltr'><strong>Et</strong></span> 
     </span>
     <span class='ocr_line' id='line_1_33' title="bbox 234 3077 2472 3163; baseline -0.001 -19"><span class='ocrx_word' id='word_1_255' title='bbox 234 3087 531 3163; x_wconf 76' lang='lat' dir='ltr'><strong>tempore·</strong></span> <span class='ocrx_word' id='word_1_256' title='bbox 588 3087 903 3162; x_wconf 89' lang='lat' dir='ltr'><strong>oportuno</strong></span> <span class='ocrx_word' id='word_1_257' title='bbox 968 3077 1372 3162; x_wconf 88' lang='lat' dir='ltr'><strong>imperatoris</strong></span> <span class='ocrx_word' id='word_1_258' title='bbox 1436 3079 1618 3141; x_wconf 88' lang='lat' dir='ltr'><strong>iussu</strong></span> <span class='ocrx_word' id='word_1_259' title='bbox 1689 3099 1910 3141; x_wconf 88' lang='lat' dir='ltr'><strong>omnes</strong></span> <span class='ocrx_word' id='word_1_260' title='bbox 1975 3079 2294 3162; x_wconf 88' lang='lat' dir='ltr'><strong>sapientes</strong></span> <span class='ocrx_word' id='word_1_261' title='bbox 2360 3079 2472 3163; x_wconf 89' lang='lat' dir='ltr'><strong>qui</strong></span> 
     </span>
     <span class='ocr_line' id='line_1_34' title="bbox 236 3159 2470 3247; baseline 0 -22"><span class='ocrx_word' id='word_1_262' title='bbox 236 3170 669 3226; x_wconf 91' lang='lat' dir='ltr'><strong>convenerant</strong></span> <span class='ocrx_word' id='word_1_263' title='bbox 724 3161 893 3226; x_wconf 87' lang='lat' dir='ltr'><strong>intra</strong></span> <span class='ocrx_word' id='word_1_264' title='bbox 1003 3161 1266 3225; x_wconf 88' lang='lat' dir='ltr'><strong>alatium</strong></span> <span class='ocrx_word' id='word_1_265' title='bbox 1322 3160 1570 3225; x_wconf 87' lang='lat' dir='ltr'><strong>collecti</strong></span> <span class='ocrx_word' id='word_1_266' title='bbox 1622 3172 1785 3226; x_wconf 88' lang='lat' dir='ltr'><strong>sunt.</strong></span> <span class='ocrx_word' id='word_1_267' title='bbox 1895 3159 2102 3224; x_wconf 86' lang='lat' dir='ltr'><strong>Affuit</strong></span> <span class='ocrx_word' id='word_1_268' title='bbox 2143 3161 2470 3247; x_wconf 90' lang='lat' dir='ltr'><strong>predictus</strong></span> 
     </span>
     <span class='ocr_line' id='line_1_35' title="bbox 235 3243 2473 3330; baseline -0 -22"><span class='ocrx_word' id='word_1_269' title='bbox 235 3244 624 3311; x_wconf 89' lang='lat' dir='ltr'><strong>reverendus</strong></span> <span class='ocrx_word' id='word_1_270' title='bbox 669 3253 960 3330; x_wconf 90' lang='lat' dir='ltr'><strong>metropo</strong></span> <span class='ocrx_word' id='word_1_271' title='bbox 987 3245 1213 3312; x_wconf 59' lang='lat' dir='ltr'><strong>&#39;tanus</strong></span> <span class='ocrx_word' id='word_1_272' title='bbox 1285 3244 1488 3308; x_wconf 84' lang='lat' dir='ltr'><strong>Affuit</strong></span> <span class='ocrx_word' id='word_1_273' title='bbox 1532 3253 1596 3308; x_wconf 91' lang='lat' dir='ltr'><strong>et</strong></span> <span class='ocrx_word' id='word_1_274' title='bbox 1623 3244 1801 3308; x_wconf 92' lang='lat' dir='ltr'><strong>Adso</strong></span> <span class='ocrx_word' id='word_1_275' title='bbox 1831 3243 2032 3308; x_wconf 88' lang='lat' dir='ltr'><strong>abbas</strong></span> <span class='ocrx_word' id='word_1_276' title='bbox 2063 3243 2414 3308; x_wconf 89' lang='lat' dir='ltr'><strong>Dervensis</strong></span> <span class='ocrx_word' id='word_1_277' title='bbox 2428 3257 2473 3327; x_wconf 83' lang='lat'><strong>²,</strong></span> 
     </span>
     <span class='ocr_line' id='line_1_36' title="bbox 238 3324 2471 3415; baseline -0.001 -22"><span class='ocrx_word' id='word_1_278' title='bbox 238 3330 393 3415; x_wconf 73' lang='lat' dir='ltr'><strong>quib</strong></span> <span class='ocrx_word' id='word_1_279' title='bbox 438 3349 584 3392; x_wconf 91' lang='lat' dir='ltr'><strong>cum</strong></span> <span class='ocrx_word' id='word_1_280' title='bbox 629 3329 770 3413; x_wconf 90' lang='lat' dir='ltr'><strong>ipso</strong></span> <span class='ocrx_word' id='word_1_281' title='bbox 815 3327 1303 3413; x_wconf 89' lang='lat' dir='ltr'><strong>metropolitano</strong></span> <span class='ocrx_word' id='word_1_282' title='bbox 1347 3327 1711 3391; x_wconf 88' lang='lat' dir='ltr'><strong>advenerat.</strong></span> <span class='ocrx_word' id='word_1_283' title='bbox 1788 3324 1918 3390; x_wconf 86' lang='lat' dir='ltr'><strong>Sed</strong></span> <span class='ocrx_word' id='word_1_284' title='bbox 1949 3335 2013 3390; x_wconf 93' lang='lat' dir='ltr'><strong>et</strong></span> <span class='ocrx_word' id='word_1_285' title='bbox 2042 3325 2301 3390; x_wconf 89' lang='lat' dir='ltr'><strong>Otricus</strong></span> <span class='ocrx_word' id='word_1_286' title='bbox 2330 3348 2471 3411; x_wconf 92' lang='lat' dir='ltr'><strong>pre-</strong></span> 
     </span>
     <span class='ocr_line' id='line_1_37' title="bbox 237 3408 2471 3498; baseline -0.001 -20"><span class='ocrx_word' id='word_1_287' title='bbox 237 3435 381 3478; x_wconf 85' lang='lat' dir='ltr'><strong>sens</strong></span> <span class='ocrx_word' id='word_1_288' title='bbox 427 3420 581 3494; x_wconf 87' lang='lat' dir='ltr'><strong>erat,</strong></span> <span class='ocrx_word' id='word_1_289' title='bbox 638 3414 749 3498; x_wconf 89' lang='lat' dir='ltr'><strong>qui</strong></span> <span class='ocrx_word' id='word_1_290' title='bbox 806 3432 973 3475; x_wconf 88' lang='lat' dir='ltr'><strong>anno</strong></span> <span class='ocrx_word' id='word_1_291' title='bbox 1018 3413 1346 3497; x_wconf 89' lang='lat' dir='ltr'><strong>superiore</strong></span> <span class='ocrx_word' id='word_1_292' title='bbox 1392 3408 1706 3476; x_wconf 84' lang='lat' dir='ltr'><strong>Gerberti·</strong></span> <span class='ocrx_word' id='word_1_293' title='bbox 1749 3408 2274 3494; x_wconf 89' lang='lat' dir='ltr'><strong>reprehensorem</strong></span> <span class='ocrx_word' id='word_1_294' title='bbox 2330 3432 2471 3476; x_wconf 89' lang='lat' dir='ltr'><strong>sese</strong></span> 
     </span>
     <span class='ocr_line' id='line_1_38' title="bbox 235 3492 2470 3580; baseline -0.003 -18"><span class='ocrx_word' id='word_1_295' title='bbox 235 3505 723 3562; x_wconf 88' lang='lat' dir='ltr'><strong>monstraverat.</strong></span> <span class='ocrx_word' id='word_1_296' title='bbox 822 3493 1143 3560; x_wconf 87' lang='lat' dir='ltr'><strong>Numerus</strong></span> <span class='ocrx_word' id='word_1_297' title='bbox 1208 3516 1333 3580; x_wconf 92' lang='lat' dir='ltr'><strong>quo</strong></span> <span class='ocrx_word' id='word_1_298' title='bbox 1382 3516 1461 3558; x_wconf 92' lang='lat' dir='ltr'><strong>ue</strong></span> <span class='ocrx_word' id='word_1_299' title='bbox 1514 3492 1992 3557; x_wconf 87' lang='lat' dir='ltr'><strong>scolasticorum</strong></span> <span class='ocrx_word' id='word_1_300' title='bbox 2047 3513 2176 3556; x_wconf 91' lang='lat' dir='ltr'><strong>non</strong></span> <span class='ocrx_word' id='word_1_301' title='bbox 2230 3515 2470 3578; x_wconf 88' lang='lat' dir='ltr'><strong>parvus</strong></span> 
     </span>
     <span class='ocr_line' id='line_1_39' title="bbox 203 3574 2471 3664; baseline -0 -20"><span class='ocrx_word' id='word_1_302' title='bbox 203 3580 659 3662; x_wconf 82' lang='lat' dir='ltr'><strong>‘confluxerat,</strong></span> <span class='ocrx_word' id='word_1_303' title='bbox 705 3578 852 3664; x_wconf 75' lang='lat' dir='ltr'><strong>qui*</strong></span> <span class='ocrx_word' id='word_1_304' title='bbox 881 3578 1320 3643; x_wconf 90' lang='lat' dir='ltr'><strong>imminentem</strong></span> <span class='ocrx_word' id='word_1_305' title='bbox 1396 3577 1804 3662; x_wconf 90' lang='lat' dir='ltr'><strong>isputationis</strong></span> <span class='ocrx_word' id='word_1_306' title='bbox 1846 3574 2020 3640; x_wconf 89' lang='lat' dir='ltr'><strong>litem</strong></span> <span class='ocrx_word' id='word_1_307' title='bbox 2066 3598 2471 3664; x_wconf 90' lang='lat' dir='ltr'><strong>summopere</strong></span> 
     </span>
    </p>
   </div>
   <div class='ocr_carea' id='block_1_5' title="bbox 385 3739 1937 3809">
    <p class='ocr_par' dir='ltr' id='par_1_6' title="bbox 385 3739 1937 3809">
     <span class='ocr_line' id='line_1_40' title="bbox 385 3739 1937 3809; baseline -0.004 -14"><span class='ocrx_word' id='word_1_308' title='bbox 385 3741 434 3809; x_wconf 78' lang='lat'><strong>⁴¹)</strong></span> <span class='ocrx_word' id='word_1_309' title='bbox 475 3743 567 3808; x_wconf 87' lang='lat' dir='ltr'><strong>qui</strong></span> <span class='ocrx_word' id='word_1_310' title='bbox 604 3741 662 3792; x_wconf 88' lang='lat' dir='ltr'><strong>id</strong></span> <span class='ocrx_word' id='word_1_311' title='bbox 699 3741 973 3807; x_wconf 80' lang='lat' dir='ltr'><strong>negotium</strong></span> <span class='ocrx_word' id='word_1_312' title='bbox 1013 3740 1426 3808; x_wconf 82' lang='lat' dir='ltr'><strong>perpenderant.</strong></span> <span class='ocrx_word' id='word_1_313' title='bbox 1469 3745 1525 3791; x_wconf 87' lang='lat' dir='ltr'><strong>et</strong></span> <span class='ocrx_word' id='word_1_314' title='bbox 1561 3740 1630 3791; x_wconf 88' lang='lat' dir='ltr'><strong>ob</strong></span> <span class='ocrx_word' id='word_1_315' title='bbox 1667 3739 1771 3791; x_wconf 85' lang='lat' dir='ltr'><strong>hoc</strong></span> <span class='ocrx_word' id='word_1_316' title='bbox 1807 3740 1845 3792; x_wconf 89' lang='lat' dir='ltr'><strong>i.</strong></span> <span class='ocrx_word' id='word_1_317' title='bbox 1888 3740 1937 3790; x_wconf 91' lang='lat'><strong>1.</strong></span> 
     </span>
    </p>
   </div>
   <div class='ocr_carea' id='block_1_6' title="bbox 354 3883 1533 3940">
    <p class='ocr_par' dir='ltr' id='par_1_7' title="bbox 354 3883 1533 3940">
     <span class='ocr_line' id='line_1_41' title="bbox 354 3883 1533 3940; baseline -0.002 -12"><span class='ocrx_word' id='word_1_318' title='bbox 354 3883 401 3940; x_wconf 80' lang='lat' dir='ltr'><strong>a)</strong></span> <span class='ocrx_word' id='word_1_319' title='bbox 437 3898 499 3927; x_wconf 83' lang='lat' dir='ltr'><strong>an</strong></span> <span class='ocrx_word' id='word_1_320' title='bbox 533 3889 571 3929; x_wconf 88' lang='lat'><strong>1.</strong></span> <span class='ocrx_word' id='word_1_321' title='bbox 692 3883 741 3938; x_wconf 84' lang='lat' dir='ltr'><strong>b)</strong></span> <span class='ocrx_word' id='word_1_322' title='bbox 776 3887 857 3936; x_wconf 81' lang='lat' dir='ltr'><strong>qui</strong></span> <span class='ocrx_word' id='word_1_323' title='bbox 893 3909 943 3918; x_wconf 96' lang='lat'>—</span> <span class='ocrx_word' id='word_1_324' title='bbox 977 3886 1228 3928; x_wconf 81' lang='lat' dir='ltr'><strong>advenerat</strong></span> <span class='ocrx_word' id='word_1_325' title='bbox 1257 3885 1304 3926; x_wconf 73' lang='lat' dir='ltr'><strong>in</strong></span> <span class='ocrx_word' id='word_1_326' title='bbox 1318 3897 1456 3937; x_wconf 74' lang='lat' dir='ltr'><strong>mara.</strong></span> <span class='ocrx_word' id='word_1_327' title='bbox 1489 3887 1533 3927; x_wconf 76' lang='lat'><strong>8.</strong></span> 
     </span>
    </p>
   </div>
   <div class='ocr_carea' id='block_1_7' title="bbox 235 4017 2470 4306">
    <p class='ocr_par' dir='ltr' id='par_1_8' title="bbox 235 4017 2470 4306">
     <span class='ocr_line' id='line_1_42' title="bbox 389 4017 2469 4084; baseline 0.001 -16"><span class='ocrx_word' id='word_1_328' title='bbox 389 4018 445 4084; x_wconf 93' lang='lat'><strong>1)</strong></span> <span class='ocrx_word' id='word_1_329' title='bbox 488 4020 613 4071; x_wconf 80' lang='lat' dir='ltr'><strong>Otto</strong></span> <span class='ocrx_word' id='word_1_330' title='bbox 653 4035 705 4070; x_wconf 88' lang='lat' dir='ltr'><strong>a.</strong></span> <span class='ocrx_word' id='word_1_331' title='bbox 746 4020 870 4070; x_wconf 83' lang='grc'>970.</span> <span class='ocrx_word' id='word_1_332' title='bbox 910 4018 1037 4071; x_wconf 86' lang='lat' dir='ltr'><strong>inde</strong></span> <span class='ocrx_word' id='word_1_333' title='bbox 1070 4035 1102 4070; x_wconf 91' lang='lat' dir='ltr'><strong>a</strong></span> <span class='ocrx_word' id='word_1_334' title='bbox 1141 4034 1324 4070; x_wconf 85' lang='lat' dir='ltr'><strong>mense</strong></span> <span class='ocrx_word' id='word_1_335' title='bbox 1362 4019 1596 4069; x_wconf 81' lang='lat' dir='ltr'><strong>Ianuarii</strong></span> <span class='ocrx_word' id='word_1_336' title='bbox 1621 4018 1797 4068; x_wconf 84' lang='lat' dir='ltr'><strong>Ticini</strong></span> <span class='ocrx_word' id='word_1_337' title='bbox 1828 4022 2081 4079; x_wconf 88' lang='lat' dir='ltr'><strong>moratus,</strong></span> <span class='ocrx_word' id='word_1_338' title='bbox 2119 4017 2316 4068; x_wconf 85' lang='lat' dir='ltr'><strong>Martio</strong></span> <span class='ocrx_word' id='word_1_339' title='bbox 2341 4018 2469 4070; x_wconf 82' lang='lat' dir='ltr'><strong>inde</strong></span> 
     </span>
     <span class='ocr_line' id='line_1_43' title="bbox 236 4090 2470 4158; baseline -0.002 -14"><span class='ocrx_word' id='word_1_340' title='bbox 236 4093 551 4144; x_wconf 82' lang='lat' dir='ltr'><strong>Ravennam</strong></span> <span class='ocrx_word' id='word_1_341' title='bbox 591 4093 774 4156; x_wconf 89' lang='lat' dir='ltr'><strong>movit,</strong></span> <span class='ocrx_word' id='word_1_342' title='bbox 823 4098 985 4158; x_wconf 87' lang='lat' dir='ltr'><strong>atque</strong></span> <span class='ocrx_word' id='word_1_343' title='bbox 1035 4093 1088 4144; x_wconf 88' lang='lat' dir='ltr'><strong>d.</strong></span> <span class='ocrx_word' id='word_1_344' title='bbox 1127 4093 1215 4144; x_wconf 80' lang='lat'><strong>22.</strong></span> <span class='ocrx_word' id='word_1_345' title='bbox 1254 4093 1551 4155; x_wconf 76' lang='lat' dir='ltr'><strong>Feri-ariae,</strong></span> <span class='ocrx_word' id='word_1_346' title='bbox 1603 4090 1655 4143; x_wconf 88' lang='lat' dir='ltr'><strong>d.</strong></span> <span class='ocrx_word' id='word_1_347' title='bbox 1707 4091 1798 4146; x_wconf 82' lang='lat'><strong>30.</strong></span> <span class='ocrx_word' id='word_1_348' title='bbox 1849 4090 2088 4142; x_wconf 86' lang='lat' dir='ltr'><strong>eiusdem</strong></span> <span class='ocrx_word' id='word_1_349' title='bbox 2127 4093 2324 4142; x_wconf 85' lang='lat' dir='ltr'><strong>mensis</strong></span> <span class='ocrx_word' id='word_1_350' title='bbox 2362 4092 2470 4142; x_wconf 81' lang='lat' dir='ltr'><strong>Ra·</strong></span> 
     </span>
     <span class='ocr_line' id='line_1_44' title="bbox 235 4163 2467 4232; baseline 0 -17"><span class='ocrx_word' id='word_1_351' title='bbox 235 4181 443 4217; x_wconf 86' lang='lat' dir='ltr'><strong>vennae</strong></span> <span class='ocrx_word' id='word_1_352' title='bbox 486 4165 781 4232; x_wconf 84' lang='lat' dir='ltr'><strong>diplomata</strong></span> <span class='ocrx_word' id='word_1_353' title='bbox 820 4164 1006 4216; x_wconf 84' lang='lat' dir='ltr'><strong>edidit.</strong></span> <span class='ocrx_word' id='word_1_354' title='bbox 1044 4166 1105 4217; x_wconf 91' lang='lat' dir='ltr'><strong>P.</strong></span> <span class='ocrx_word' id='word_1_355' title='bbox 1182 4164 1290 4218; x_wconf 84' lang='lat' dir='ltr'><strong>Sed</strong></span> <span class='ocrx_word' id='word_1_356' title='bbox 1330 4166 1527 4216; x_wconf 85' lang='lat' dir='ltr'><strong>rectius</strong></span> <span class='ocrx_word' id='word_1_357' title='bbox 1568 4165 1704 4216; x_wconf 90' lang='lat' dir='ltr'><strong>haec</strong></span> <span class='ocrx_word' id='word_1_358' title='bbox 1740 4166 1798 4214; x_wconf 91' lang='lat' dir='ltr'><strong>in</strong></span> <span class='ocrx_word' id='word_1_359' title='bbox 1831 4164 2046 4218; x_wconf 86' lang='lat' dir='ltr'><strong>Ottonis</strong></span> <span class='ocrx_word' id='word_1_360' title='bbox 2083 4163 2157 4229; x_wconf 79' lang='grc' dir='ltr'><strong>ΙΙ.</strong></span> <span class='ocrx_word' id='word_1_361' title='bbox 2207 4169 2467 4232; x_wconf 85' lang='lat' dir='ltr'><strong>tempore,</strong></span> 
     </span>
     <span class='ocr_line' id='line_1_45' title="bbox 236 4236 2469 4306; baseline 0 -18"><span class='ocrx_word' id='word_1_362' title='bbox 236 4253 285 4290; x_wconf 88' lang='lat' dir='ltr'><strong>a.</strong></span> <span class='ocrx_word' id='word_1_363' title='bbox 324 4239 451 4290; x_wconf 78' lang='lat'><strong>980.</strong></span> <span class='ocrx_word' id='word_1_364' title='bbox 494 4238 812 4290; x_wconf 86' lang='lat' dir='ltr'><strong>collocanda</strong></span> <span class='ocrx_word' id='word_1_365' title='bbox 850 4255 985 4303; x_wconf 85' lang='lat' dir='ltr'><strong>esse,</strong></span> <span class='ocrx_word' id='word_1_366' title='bbox 1024 4238 1301 4306; x_wconf 80' lang='lat' dir='ltr'><strong>Biidinger</strong></span> <span class='ocrx_word' id='word_1_367' title='bbox 1339 4255 1393 4306; x_wconf 85' lang='lat' dir='ltr'><strong>p.</strong></span> <span class='ocrx_word' id='word_1_368' title='bbox 1425 4239 1515 4290; x_wconf 87' lang='grc'>60.</span> <span class='ocrx_word' id='word_1_369' title='bbox 1557 4239 1777 4291; x_wconf 85' lang='lat' dir='ltr'><strong>monuit.</strong></span> <span class='ocrx_word' id='word_1_370' title='bbox 1893 4236 1952 4305; x_wconf 75' lang='lat'><strong>2)</strong></span> <span class='ocrx_word' id='word_1_371' title='bbox 1979 4238 2469 4291; x_wconf 80' lang='lat' dir='ltr'><strong>Mentior-en·Der.</strong></span> 
     </span>
    </p>
   </div>
  </div>
 </body>
</html>
