3059 4834
758 247 1058 300 RICHERI
1096 247 1602 300 HISTORIARUM
1637 248 1862 300 LIBER
1892 249 1970 300 11.
2413 253 2484 304 53

239 415 624 499 periculum,
688 426 753 481 et
810 428 1047 502 quanta
1097 417 1175 480 iis
1232 413 1544 481 debeatur
1594 416 1779 480 ruina
1794 426 1840 496 ³,
1908 418 2018 503 qui
2077 417 2478 485 dominorum
2501 437 2600 480 942.

241 509 719 584 contemptores
782 522 859 564 ac
973 509 1363 566 ersecutores
1428 521 1568 564 esse
1632 520 1762 563 non
1825 498 2185 567 formidant.
2295 501 2478 584 Quae

241 585 457 648 suasio
527 581 771 647 nullum
844 608 877 648 e
928 594 1137 649 ectum
1194 583 1473 649 habuitb.
1589 585 1650 646 A
1706 583 1997 669 predicto
2057 588 2248 652 etiam
2306 610 2479 674 papa

238 689 400 732 mox
428 665 557 731 alia
582 665 817 752 legatio
848 667 1092 733 directa
1121 677 1217 732 est
1243 681 1398 752 per1
1444 667 1778 731 Remensis
1821 666 2167 734 aecclesiae
2209 670 2268 736 le
2315 681 2477 756 atos,

282 751 357 814 ui
397 773 440 814 a
482 772 655 837 papa
699 751 926 817 eodem
968 749 1360 817 sacerdotale
1398 750 1666 837 pallium
1695 752 1961 836 Hugoni
1990 765 2278 840 metropo
2306 756 2476 822 'tano

238 773 572 915 detulere„
589 835 891 918 dicentes,
934 834 1325 922 apostolicae
1368 835 1667 898 iussionis
1709 834 1877 900 hanc
1909 859 2046 902 esse
2079 840 2476 924 sententiam,

235 929 317 984 ut
362 917 713 984 Galliarum
757 921 1084 1006 principes
1125 941 1195 983 re
1246 941 1348 983 em
1393 942 1584 983 suum
1603 920 1925 1066 (persequi
1968 933 2238 1006 parcant
2279 932 2344 986 et
2384 925 2477 987 in-

236 1025 441 1088 super
466 1001 643 1066 illum
662 1016 687 1046 ⁰
714 1005 1055 1090 magnifice
1084 1012 1215 1067 atto
1263 1012 1405 1085 ant3
1475 1025 1600 1089 quo
1691 1004 1813 1067 nisi
1856 1005 2024 1069 intra
2052 1006 2478 1093 prescriptum

236 1085 415 1152 diem
458 1086 755 1169 efficiant,
800 1086 1091 1153 horribili
1134 1086 1534 1150 anathemate
1589 1086 1776 1151 huius
1834 1088 2126 1153 factionis
2181 1102 2477 1155 auctores

234 1193 315 1235 ac
361 1179 807 1257 cooperatores
850 1172 984 1236 sive
1027 1170 1307 1235 fautores
1346 1170 1725 1254 gravissime
1769 1194 1906 1236 esse
1961 1171 2355 1256 multandos3
2422 1177 2478 1239 si

233 1276 391 1319 vero
436 1254 824 1340 apostolicae
866 1255 1135 1320 iussioni
1164 1263 1491 1340 gratanter
1521 1254 1885 1338 oboediant,
1926 1254 2172 1340 legatos
2201 1258 2475 1322 Romam

234 1338 538 1424 dirigant,
585 1340 697 1424 qui
740 1360 922 1403 suam
981 1337 1475 1405 benivolentiam
1534 1359 1686 1422 erga
1742 1360 1963 1425 regem
2023 1363 2208 1403 suum
2267 1364 2475 1427 papae

230 1421 532 1488 referant.
617 1423 705 1486 Et
747 1445 864 1488 nec
911 1425 1003 1488 sic
1047 1422 1308 1509 quidem
1349 1423 1657 1486 tirannis⁰
1709 1423 2055 1509 quicquam
2098 1446 2475 1509 persuasum

237 1516 359 1571 est.
442 1505 507 1569 A
559 1507 790 1592 quibus
846 1528 990 1572 cum
1046 1508 1185 1592 regi
1240 1507 1629 1570 incessanter
1681 1517 2091 1593 quaereretur
2145 1510 2349 1594 ruina,
2407 1510 2476 1575 in

238 1591 631 1655 contrarium
673 1613 775 1656 res
814 1604 1073 1656 eorum⁰
1115 1600 1250 1655 tota
1291 1589 1544 1675 relapsa
1587 1598 1701 1654 est.

323 1711 427 1775 28.
484 1710 628 1774 Rex
671 1733 789 1796 per
828 1711 1184 1798 Rotgerum
1228 1713 1527 1858 comiltetp
1573 1709 1945 1776 Wilelmum
1990 1711 2219 1778 ducem
2265 1712 2388 1778 sibi

1205 1816 1385 1859 conci
1409 1816 1471 1858 1a
1502 1843 1517 1857 .

406 1895 665 1960 Etenim
722 1921 859 1980 rex,
919 1896 1235 1962 bonorum
1293 1918 1447 1959 usus
1503 1894 1788 1976 consilio,
1839 1896 2218 1981 Rotgarium
2260 1901 2473 1964 virum

235 1976 480 2044 clarum
508 1979 809 2045 Wilelmo
853 1989 1227 2066 pyratarum
1271 1979 1473 2064 princi
1524 1979 1548 2040 i
1584 2000 1702 2063 pro
1733 2001 1800 2042 se
1830 1977 2188 2044 locuturum
2220 1981 2472 2048 direxit.

236 2063 371 2143 Qui
412 2063 589 2149 apud
632 2087 778 2128 eum
823 2086 940 2149 pro
985 2085 1138 2148 rege
1183 2062 1424 2147 optime
1466 2001 1722 2125 *Iunctus
1762 2060 2101 2146 legatione,
2145 2064 2237 2128 ibi
2280 2067 2470 2130 rebus

228 2145 533 2212 humanis
576 2149 872 2212 excessit.
959 2145 1129 2212 Ante
1184 2155 1397 2209 tamen
1451 2145 1728 2230 principi
1778 2166 1981 2230 usque
2038 2147 2121 2210 ad
2176 2147 2470 2212 effectum

232 2230 460 2295 suasit.
544 2230 715 2294 Nam
757 2252 888 2294 non
932 2228 1130 2295 multo
1175 2237 1322 2314 post
1364 2250 1625 2292 suorum
1681 2226 1999 2311 legatione
2054 2253 2273 2314 regem
2316 2231 2469 2297 fide-

224 2313 382 2379 liter
462 2315 755 2394 accersit,
844 2324 1185 2397 exceptum
1232 2334 1313 2376 ue
1396 2311 1715 2375 Rodomi⁰
1807 2313 2170 2397 ingentibus
2245 2315 2468 2379 donisd

233 2396 616 2480 dignissime
673 2395 1093 2461 accumulate.
1257 2395 1383 2462 nde
1442 2405 1506 2460 et
1561 2394 1801 2458 factum
1855 2405 1967 2477 est,
2033 2406 2104 2461 ut
2161 2397 2266 2461 alii
2320 2399 2468 2463 hinc

228 2479 654 2545 formidantes
696 2480 778 2544 ad
820 2503 1039 2566 regem
1091 2479 1527 2564 tempestivius
1546 2479 1569 2521 t
1611 2501 1748 2543 sese
1793 2479 2190 2545 contulerint.
2249 2481 2468 2547 Wilel-

224 2586 377 2628 mus
433 2565 651 2649 itaque
708 2565 1177 2651 Aquitanorum
1194 2576 1223 2618 8
1288 2563 1462 2627 dux²
1525 2563 2134 2650 Brittannorumque
2197 2565 2464 2650 Alanus,

224 2649 474 2734 piratas
528 2649 770 2735 regiam
830 2671 967 2713 rem
1022 2669 1243 2712 curare
1302 2647 1761 2732 comperientes
1779 2695 1795 2728 ,
1865 2669 2198 2712 accessum
2261 2662 2464 2716 matu-

223 2741 403 2806 rant,
468 2752 687 2817 regem
740 2731 978 2798 adeunt
1030 2742 1222 2816 atque
1277 2731 1404 2796 fide
1460 2731 1635 2817 pacti
1689 2730 1993 2796 miliciam
2037 2733 2267 2799 iurant.
2340 2736 2464 2800 His

222 2815 447 2900 itaque
505 2838 622 2880 rex
676 2814 959 2881 collectis
977 2864 994 2897 ,
1049 2815 1362 2915 predictis
1418 2815 1728 2879 tirannis¹¹
1785 2837 1968 2879 secus
2021 2815 2290 2881 fluvium
2331 2819 2464 2883 Isa-

220 2919 365 2962 ram
418 2897 743 2964 locuturus
804 2900 1113 2986 procedit.
1201 2899 1467 2963 Tiranni
1510 2900 1759 2985 regium
1811 2900 2163 2986 equitatum
2207 2924 2463 2987 suspec-

216 2992 365 3047 tum
434 2982 760 3066 habentes,
834 2992 1265 3070 prevenerunt
1334 2992 1525 3069 atque
1598 2993 1826 3068 pontes
1896 2985 2462 3083 precipitaverunt,

216 3088 427 3132 naves
472 3069 972 3153 circumquaque
1016 3069 1085 3131 in
1126 3065 1301 3131 aliud
1342 3066 1491 3132 litus
1535 3064 1944 3132 abducentes,
2032 3066 2268 3154 Sicque
2312 3091 2460 3134 cum

220 3151 361 3214 suis
402 3151 469 3214 in
508 3150 779 3217 adverso
822 3150 1102 3215 fluminis
1144 3149 1326 3215 litore
1357 3150 1796 3215 consederunt.
1867 3150 2144 3216 Duabus
2160 3162 2185 3197 ³
2215 3162 2461 3217 tantum

218 3233 540 3300 naviculis
596 3235 747 3299 hinc
803 3233 954 3299 inde
1014 3233 1485 3316 cursitantibuS‚
1600 3255 1669 3296 er
1723 3234 2144 3298 internuntios
2211 3246 2460 3299 contro-

218 3319 437 3384 versia
478 3319 644 3384 inter
685 3317 825 3383 illos
879 3319 1121 3404 agitata
1174 3327 1285 3382 est.
1384 3317 1527 3381 Tan
1575 3339 1678 3382 em
1732 3316 1850 3381 sub
1908 3337 2071 3402 pace
2133 3327 2462 3400 sequestra

222 3402 524 3470 obsidum
566 3404 706 3467 iure
749 3424 789 3465 a
831 3425 970 3467 sese
1006 3401 1364 3466 discedunt.

286 3524 392 3588 29.
457 3523 829 3589 Ludovicus
873 3532 936 3587 et
978 3521 1132 3587 Otto
1175 3542 1359 3605 reges
1400 3521 1470 3583 in
1509 3519 1871 3582 amiciciam
1914 3519 2300 3583 conveniunt
2341 3540 2418 3584 ac

978 3627 1095 3691 per
1139 3604 1441 3670 Ottonem
1484 3603 1703 3686 Hugo.

392 3709 558 3792 Rex,
599 3708 997 3795 principibus
1039 3707 1107 3770 in
1150 3725 1311 3791 paee
1353 3703 1652 3787 dimissis,
1718 3724 1863 3767 cum
1921 3703 2146 3790 paucis
2210 3706 2331 3771 iter
2391 3706 2459 3771 in

215 3792 557 3878 Belgicam
614 3801 959 3878 retorquet,
1028 3789 1272 3871 Ottoni,
1343 3789 1524 3853 cuius
1590 3808 1874 3852 sororem
1939 3787 2279 3874 coniugem
2335 3790 2459 3856 sibi

345 3937 394 3992 a)
421 3949 465 3988 q.
498 3938 606 3980 labe
636 3937 902 3978 afficiantur
931 3935 1037 3976 labe
1072 3937 1115 3976 1.
1235 3931 1283 3983 b)
1318 3944 1354 3974 s.
1388 3943 1493 3973 eum
1524 3945 1572 3974 n.
1604 3945 1646 3974 e.
1679 3932 1870 3974 haberet
1901 3943 1944 3976 a.
1968 3944 2015 3984 p-
2047 3943 2093 3983 p,
2125 3935 2167 3975 1.
2287 3930 2330 3984 c)
2355 3938 2459 3982 post

216 3997 329 4036 aad.
450 3996 498 4049 d)
528 4008 569 4038 e.
603 3997 934 4037 humanissime
968 3997 1011 4036 1.
1139 3991 1183 4044 ο)
1219 3993 1422 4033 cumulat
1454 3995 1495 4034 1,
1625 3989 1665 4042 f)
1699 3992 1900 4032 celerius
1932 3992 1973 4031 1.
2095 3989 2144 4043 g)
2175 3993 2250 4043 pir
2276 3992 2458 4033 seribere

215 4061 431 4107 coeptum.
552 4053 600 4108 h)
634 4055 860 4108 tuageni)
896 4057 942 4095 et
969 4049 1254 4106 H(er1bcrto)
1281 4056 1384 4101 poet
1412 4051 1513 4092 aad.
1644 4049 1680 4104 i)
1715 4051 1819 4093 adv.
1854 4053 1897 4093 1.

377 4149 433 4216 1)
474 4148 605 4202 C'um
642 4150 830 4216 quibus
859 4147 1072 4216 pariter
1109 4155 1157 4200 et
1194 4147 1384 4217 legatio
1422 4147 1564 4200 venit
1597 4145 1759 4198 Flod.
1921 4143 1980 4213 2)
2031 4145 2312 4200 Willebmm
2336 4143 2457 4196 Pie-

213 4225 457 4279 tavemis
494 4223 683 4288 Flod.;
722 4239 880 4292 quem
917 4224 1173 4290 sequitur.
1320 4220 1379 4288 3)
1418 4221 1576 4273 Haec
1611 4221 1895 4273 Bicherus.
