3059 4834
538 489 639 530 899.

539 1255 640 1298 900.

464 2337 481 2357 ”
496 2340 638 2383 f01.·⁷.

438 2395 457 2416 ‘
471 2411 516 2450 p.
537 2400 640 2442 5⁷5.

438 2460 640 2560 Inmofg:

664 298 731 360 14
1182 295 1491 346 RICHERI
1528 295 2034 348 HISTORIARUM
2071 297 2295 348 LIBER
2331 299 2375 348 Ι.

1070 462 1166 527 17.
1251 461 1613 528 Interfectio
1656 462 1957 528 Fulconis
2001 463 2484 551 archiepiscopi.

830 564 974 644 Quo
1019 586 1135 628 rex
1192 575 1516 651 comperto
1567 565 1636 629 in
1676 565 2064 632 Balduinum
2106 566 2320 650 fertur,
2365 589 2441 631 ac
2483 566 2682 631 multa
2726 567 2886 632 obsi-

662 647 870 712 dionis
911 649 978 711 vi
1022 657 1298 712 castrum
1339 648 1723 714 Atrabatum
1780 649 1863 715 ab
1923 673 1998 716 eo
2052 652 2260 716 aufert
2308 661 2498 737 atque
2558 672 2704 714 cum
2758 661 2888 715 tota

662 733 867 796 sancti
908 731 1173 796 Vedasti
1228 732 1489 798 abbatia
1541 733 1810 798 Fulconi
1861 735 2144 821 predicto
2201 734 2686 821 metropolitano
2746 756 2887 799 con-

662 814 831 880 cedit
850 827 891 879 ¹.
979 814 1069 880 At
1119 826 1267 901 post
1316 815 1559 902 aliquot
1609 827 1902 905 tempora
1953 818 2475 905 metropolitanus
2521 818 2602 883 ob
2647 819 2886 883 itineris

659 898 1187 985 longinquitatem
1219 901 1611 1000 fratrumque
1625 912 1652 943 ἃ
1669 903 2253 967 incommoditatem
2269 913 2296 944 ἃ
2312 903 2672 968 Altmarum
2698 905 2886 967 comi-

660 993 789 1047 tem
832 985 1186 1048 accersiens
1198 986 1247 1066 b,
1293 983 1622 1068 abbatlam
1665 987 1869 1051 sancti
1896 986 2209 1068 Medardi,
2254 1009 2447 1072 quam
2489 989 2628 1073 ipse
2675 1008 2885 1050 comes

660 1067 935 1150 tenebat,
1003 1067 1086 1132 ab
1145 1089 1221 1131 eo
1276 1069 1526 1154 accipit,
1586 1079 1648 1133 et
1696 1092 1812 1155 pro
1869 1093 1947 1134 ea
2000 1070 2329 1136 abbatiam
2383 1073 2584 1135 saneti
2623 1070 2886 1135 Vedasti

663 1173 810 1215 cum
838 1160 1047 1216 castro
1076 1150 1409 1234 AtrabatO,
1438 1153 1790 1219 rationibus
1831 1155 2150 1240 utrimque
2187 1153 2440 1238 habitis,
2486 1156 2546 1219 ei
2589 1156 2883 1240 impertit.

662 1235 852 1301 Unde
869 1248 894 1278 ⁰
956 1245 1019 1300 et
1082 1236 1166 1301 ad
1226 1237 1495 1301 nimiam
1566 1237 1950 1324 pertrahitur
2010 1238 2364 1303 Balduinus
2430 1239 2883 1303 crudelitatem.

660 1319 989 1405 Multaque
1031 1320 1295 1384 affectus
1338 1323 1660 1386 anxietate
1673 1371 1690 1404 ,
1747 1321 1831 1386 ad
1886 1322 2189 1387 ultionem
2253 1325 2506 1409 penitus
2547 1345 2685 1387 sese
2743 1345 2885 1387 con-

661 1405 868 1469 vertit.
954 1403 1325 1468 Amicitiam
1370 1426 1520 1490 ergo
1567 1407 1739 1469 circa
1793 1407 2351 1506 metropolitanum
2409 1406 2679 1471 simulat.
2764 1407 2886 1470 Per

661 1487 905 1572 legatos
978 1509 1231 1573 quoque
1300 1487 1567 1552 multam
1637 1489 2131 1555 benivolentiam
2201 1491 2462 1557 mandat
2478 1491 2506 1533 ⁴¹
2569 1490 2884 1576 fidemque

665 1571 953 1657 spondet.
1048 1570 1217 1634 Illud
1272 1581 1488 1636 tamen
1539 1572 1740 1637 multa
1796 1596 2054 1638 suorum
2067 1586 2091 1616 ⁰
2149 1575 2509 1640 curiositate
2574 1574 2884 1656 observat,

660 1664 875 1719 utrum
933 1655 1219 1740 privatus
1271 1677 1354 1718 an
1414 1677 1562 1719 cum
1620 1657 1821 1742 copiis
1871 1658 2041 1743 regis
2099 1658 2406 1745 palatium
2468 1669 2687 1745 petere
2743 1679 2885 1723 con-

663 1747 931 1820 suescat,
988 1739 1308 1823 privatum
1364 1738 1562 1804 multo
1603 1741 1748 1804 nisu
1789 1743 2097 1828 impetere
2142 1742 2423 1829 cupiens
2510 1743 2692 1806 Haec
2734 1741 2884 1806 dum

663 1825 756 1886 sic
797 1821 1197 1904 haberentur,
1240 1844 1359 1908 pro
1402 1824 1596 1908 regiis
1642 1826 1848 1888 causis
1891 1828 2176 1912 contigit,
2219 1849 2254 1890 e
2302 1827 2557 1913 iscopos
2585 1826 2884 1912 Belgicae

661 1907 836 1993 apud
876 1929 1096 1992 regem
1139 1909 1536 1993 congregari.
1621 1908 1811 1973 Unde
1855 1919 1919 1974 et
1959 1921 2246 1997 metropo
2277 1912 2480 1975 ‘tanus
2524 1911 2883 1994 accersituS,

662 2013 810 2056 cum
850 1991 972 2055 iter
1012 1989 1368 2056 accelerare
1410 2002 1684 2078 pararet,
1736 1995 2028 2059 incautus
2073 2016 2220 2057 cum
2310 1996 2484 2060 aucis
2525 1993 2882 2060 festinabat.

660 2075 786 2141 Oui
828 2097 982 2140 mox
1024 2075 1203 2140 affuit
1244 2075 1505 2161 quidam
1550 2075 1957 2142 Winemarus
2003 2100 2149 2142 cum
2192 2099 2266 2143 co
2315 2088 2448 2142 orte
2491 2101 2530 2142 a
2570 2077 2885 2144 Balduino

658 2160 889 2223 missus
906 2163 953 2224 *.
1040 2159 1569 2246 Metropolitanus
1629 2182 1774 2225 cum
1826 2172 1993 2226 esset
2044 2183 2188 2226 cum
2241 2169 2487 2250 paucis,
2545 2186 2586 2227 a
2628 2159 2884 2228 cohorte

660 2265 804 2308 cum
847 2244 978 2307 suis
1021 2245 1409 2330 interceptus
1454 2254 1566 2308 est.
1639 2240 1848 2309 Nu'llif
1887 2247 2078 2332 fugae
2121 2244 2297 2311 locus
2388 2247 2564 2311 atuit.
2641 2247 2882 2312 Omnes

658 2326 1219 2394 circumvallantur
1233 2339 1263 2382 3
1305 2338 1496 2414 atque
1539 2330 1930 2415 impetuntur
1943 2332 1990 2395 ¹¹.
2080 2330 2326 2395 *Admo
2372 2353 2482 2394 um
2527 2333 2550 2358 *
2564 2331 2880 2418 utrimque

657 2412 983 2477 dimicant.
1070 2411 1407 2497 Utrimque
1470 2412 1596 2478 fusi
1656 2414 2102 2499 procumbunt.
2191 2416 2601 2482 Winemarus
2657 2423 2882 2480 metro-

652 2495 1006 2583 politanum
1034 2494 1313 2578 adortus,
1357 2495 1581 2561 lancea
1608 2497 1916 2562 inermem
1942 2498 2288 2585 transfigiti
2317 2508 2507 2585 atque
2535 2499 2700 2564 inter
2737 2522 2882 2563 suos

654 2590 899 2666 septem
961 2578 1331 2645 vulneribus
1395 2581 1750 2645 sauciatum
1813 2583 2169 2668 precipitat.
2279 2582 2402 2647 Oui
2466 2606 2613 2648 cum
2677 2583 2884 2648 adhuc

654 2665 819 2727 ictus
881 2661 1236 2727 intenderet
1251 2664 1301 2744 k,
1369 2662 1632 2749 quidam
1699 2685 1976 2748 suorum,
2033 2665 2232 2731 multo
2290 2668 2610 2754 episcopi¹
2667 2689 2884 2732 amore

655 2747 849 2828 ducti,
908 2769 1098 2833 super
1154 2768 1303 2809 eum
1358 2747 1804 2832 procumbunt.
1892 2750 2020 2829 Qui
2063 2771 2210 2814 cum
2253 2772 2329 2815 eo
2384 2772 2539 2815 mox
2592 2751 2884 2816 transfixi

654 2840 845 2916 atque
888 2831 1080 2895 occisi
1124 2840 1286 2895 sunt.
1375 2831 1668 2912 Quatuor
1707 2841 1956 2896 tantum
2006 2834 2164 2918 fuga
2203 2834 2505 2900 l‘abuntur
2519 2848 2584 2918 ¹¹¹,
2638 2836 2748 2921 qui
2792 2837 2884 2900 rei

652 2917 982 3000 negotium
1034 2915 1254 2978 Remis
1311 2913 1763 2980 demonstrant.
1851 2917 2034 2980 Tunc
2094 2940 2247 2984 vero
2311 2942 2549 3005 magna
2609 2917 2884 2983 militum

652 3021 879 3063 manus
924 2997 1007 3063 ab
1046 2998 1206 3062 urbe
1245 3020 1402 3064 mox
1430 3020 1576 3062 cum
1613 3001 1808 3064 armis
1853 3000 2100 3084 educta,
2145 3002 2542 3069 adversarios
2584 3025 2770 3089 perse
2818 3005 2884 3067 ui

654 3092 935 3147 conatur.
1026 3081 1154 3148 Sed
1198 3083 1289 3146 eis
1334 3081 1433 3147 ela
1479 3083 1584 3166 εἰει,
1641 3083 1971 3149 dominum
2015 3087 2302 3152 occisum
2346 3109 2492 3151 cum
2536 3088 2667 3151 suis
2711 3108 2787 3150 co
2837 3089 2884 3151 i-

650 3176 810 3251 gunt
865 3176 931 3231 at
975 3178 1103 3230 ue¹¹
1144 3165 1342 3232 multo
1445 3165 1636 3231 oloris
1693 3166 1968 3234 lamento
2020 3171 2256 3235 Remos
2315 3170 2670 3256 deportant,
2733 3193 2882 3235 cum

652 3249 970 3315 sacerdon
1015 3273 1091 3314 us
1122 3249 1515 3329 sacerdotem
1537 3249 1811 3337 plurimo
1833 3253 2162 3338 dignitatis
2184 3254 2491 3341 obsequio
2516 3255 2880 3320 condentes.

1279 3371 1376 3435 18.
1461 3371 1819 3436 Winemari
1833 3385 1858 3416 ⁰
1899 3375 2189 3441 interitus
2205 3387 2252 3440 ⁰.

816 3473 1108 3539 Interea³
1138 3471 1411 3538 collectis
1441 3495 1481 3536 a
1528 3474 1618 3539 ud
1645 3497 1866 3574 regem
1888 3478 2222 3564 episcopis,
2254 3475 2404 3542 talia
2424 3498 2578 3542 mox
2606 3477 2884 3543 referun-

648 3567 771 3623 tur.
858 3557 1051 3639 Quod
1093 3558 1284 3623 etiam
1328 3579 1501 3622 omm
1548 3580 1624 3622 us
1679 3561 1949 3624 mmium
2005 3563 2201 3625 animi
2258 3561 2523 3626 incussit
2576 3560 2883 3626 dolorem.

729 3706 731 3708 ’
794 3699 845 3769 *)
885 3707 939 3754 et
976 3703 1210 3754 omnium
1250 3718 1381 3770 quos
1419 3709 1563 3756 terra
1600 3705 1828 3757 sustinet
1863 3705 2304 3758 sceleratissimus
2325 3705 2348 3740 ²
2388 3705 2517 3758 add.
2562 3708 2610 3770 1,
2647 3706 2752 3758 olel.
2793 3706 2846 3756 2.

766 3809 813 3862 a)
842 3811 877 3854 f.
895 3811 927 3852 i.
946 3811 995 3852 in
1008 3822 1161 3862 mara„
1190 3813 1267 3852 ubi
1289 3815 1376 3867 fra,
1404 3825 1479 3855 mo
1505 3815 1619 3860 abac.
1709 3814 1756 3868 b)
1786 3816 2042 3856 rationibus
2067 3815 2236 3854 habitis
2263 3815 2364 3854 add.
2384 3816 2424 3865 1,
2455 3815 2535 3858 del.
2553 3817 2594 3858 2.
2685 3813 2727 3868 c)
2744 3817 2883 3859 Unde

648 3891 701 3901 —-
735 3871 974 3921 Multaque
1006 3871 1045 3913 8.
1101 3901 1113 3915 .
1146 3900 1160 3915 .
1192 3903 1202 3914 .
1238 3899 1252 3914 ·
1284 3874 1481 3914 nimium
1524 3875 1720 3915 incussit
1773 3874 2006 3914 Balduino
2059 3873 2204 3913 annui
2259 3874 2479 3916 dolorem.
2555 3874 2804 3924 Nimiaque
2838 3878 2880 3918 1.

646 3928 695 3981 d)
728 3929 923 3979 spondet
956 3931 997 3972 1.
1115 3929 1159 3983 e)
1187 3937 1301 3981 post.
1334 3934 1435 3973 add.
1557 3931 1594 3985 f)
1626 3934 1676 3973 in
1707 3934 1870 3984 primis
1895 3938 1998 3982 post
2025 3933 2141 3984 add„
2183 3931 2262 3972 del.
2295 3934 2339 3975 2.
2457 3931 2504 3984 g)
2539 3934 2881 3976 circumvallati

646 3991 755 4028 sunt
786 3991 826 4040 1,
858 3999 901 4028 a.
921 3988 953 4029 i.
981 3993 1083 4039 poet
1113 3991 1214 4032 add.
1334 3990 1383 4044 h)
1416 3993 1715 4034 Winemarus
1757 3991 2164 4041 metropolitanum
2209 3991 2395 4030 adortus
2441 3992 2608 4034 lancea
2650 3993 2880 4034 inermem

646 4047 878 4097 transflgst
936 4049 1035 4090 add.
1078 4048 1168 4089 iam
1207 4051 1285 4090 Ῑιοο
1324 4051 1415 4091 loco
1459 4052 1501 4104 1,
1556 4051 1637 4092 dez.
1672 4054 1712 4094 2.
1773 4050 2014 4099 Siquidem
2055 4061 2100 4093 u.
2141 4050 2281 4099 pov-92⁵8
2317 4053 2356 4092 1.
2505 4049 2542 4103 i)
2589 4051 2794 4101 tranfigit
2844 4064 2882 4091 c.

645 4104 695 4157 k)
713 4109 796 4146 ete
810 4117 924 4148 corr.
943 4107 988 4150 2.
1076 4107 1111 4160 1)
1128 4109 1176 4148 in
1190 4110 1280 4150 loco
1296 4122 1400 4150 raso
1418 4112 1459 4151 2.
1539 4108 1601 4163 m)
1614 4111 1678 4150 ita
1695 4112 1746 4160 23
1772 4136 1852 4150 .....
1871 4109 2042 4158 ereptis
2064 4111 2103 4150 1.
2181 4106 2232 4160 n)
2250 4118 2306 4148 ac
2323 4119 2426 4149 cum
2444 4110 2483 4152 1.
2571 4107 2615 4162 o)
2637 4120 2679 4162 e,
2696 4111 2746 4150 in
2761 4111 2878 4152 absc.

797 4198 851 4267 1)
890 4201 1043 4254 Haec
1082 4220 1147 4254 ex
1171 4205 1329 4258 Flod.
1356 4207 1500 4256 Hist.
1529 4206 1683 4257 Rem.
1709 4205 1804 4268 IV,
1835 4204 1919 4254 10.
1959 4209 2136 4255 sumta
2172 4209 2311 4256 sunt.
2462 4201 2522 4271 2)
2547 4205 2726 4258 Verba
2753 4205 2884 4258 Sal-

643 4273 772 4326 lusti
808 4275 930 4341 Iug.
971 4273 1019 4329 c'.
1061 4277 1145 4330 14.
1298 4275 1358 4345 3)
1396 4278 1556 4330 Flod.
1595 4279 1631 4328 l.
1670 4277 1706 4331 1.
