3059 4834
750 293 1058 346 RICHERI
1093 291 1597 346 HISTORIARUM
1634 293 1856 345 LIBER
1893 293 1973 346 11.
2416 295 2485 346 88

170 535 178 542 ,
255 458 408 544 quia
451 481 570 545 per
585 468 612 500 ⁸
653 460 954 524 astutiam
998 460 1136 524 eius
1189 461 1577 546 principium
1628 458 1865 525 utilitas
1917 460 2187 547 aggredi
2240 461 2484 546 suadet,

252 552 443 628 prout
485 542 644 607 mihi
687 542 958 625 videtur,
1003 542 1294 609 cohortes
1336 542 1581 630 aliquot
1622 565 1806 608 secus
1844 554 2125 610 montem
2154 546 2222 609 in
2250 545 2485 613 abditis

250 624 591 711 ponendae
635 635 802 690 sunt.
886 626 1416 712 Exspectandum
1458 627 1672 710 etiam,
1718 648 1847 714 qua
1878 635 2255 715 tempestate
2284 649 2484 717 equos

251 709 536 776 educant
576 731 888 797 agasones
943 709 1279 777 herbatum
1335 719 1771 798 potatumque.
1872 712 2002 793 Qui
2042 734 2191 778 cum
2241 714 2311 778 in
2368 735 2483 778 suo

249 801 546 880 tempore
589 795 831 880 egressi
869 795 1105 860 fuerint
1145 804 1210 860 et
1250 793 1333 860 ab
1378 794 1895 868 observatoribus
1923 817 2142 861 eorum
2190 819 2484 884 egressus

251 887 320 942 et
361 900 664 942 numerus
709 877 894 942 nobis
936 878 1260 961 referetur,
1317 900 1472 944 mox
1513 878 1600 943 ad
1640 899 1861 944 eorum
1900 902 2239 945 numerum
2279 880 2487 947 lectis-

256 963 409 1025 simi
451 962 711 1026 iuvenes
753 961 1007 1026 *eodem
1037 970 1315 1028 scemate
1345 961 1703 1050 eodemque
1744 985 2032 1046 numero,
2064 965 2380 1050 capitibus
2416 975 2486 1030 ut

252 1044 385 1130 ipsi
427 1044 701 1130 pilleatis
714 1045 763 1126 b,
807 1044 1192 1132 farraginem
1236 1047 1306 1110 in
1347 1048 1527 1132 equis
1571 1046 1656 1112 ad
1684 1056 1937 1133 portam
1966 1046 2272 1131 deferant,
2314 1046 2486 1114 unde

248 1126 454 1212 paulo
519 1137 665 1192 ante
728 1149 1040 1214 agasones
1093 1131 1410 1214 exierant,
1469 1133 1605 1195 acsi
1657 1131 1784 1216 ipsi
1840 1152 2149 1217 agasones
2202 1132 2486 1198 redeant.

255 1211 390 1292 Qui
433 1231 580 1275 cum
623 1210 956 1278 altitudine
1001 1213 1449 1279 fasciculorum
1491 1223 1825 1300 aspectum
1854 1224 2191 1301 protegere
2219 1217 2486 1301 possint,

249 1293 428 1360 facili
469 1296 765 1382 ingressu
806 1297 1032 1362 urbem
1075 1300 1518 1383 penetrabunt.
1603 1298 1728 1362 Et⁶
1764 1319 1847 1362 ne
1892 1299 2047 1384 quid
2089 1297 2487 1386 impossibile

247 1402 290 1444 a
335 1401 440 1444 me
485 1379 730 1444 dictum
775 1383 1134 1467 suspiceris,
1178 1403 1397 1447 eorum
1435 1380 1668 1446 ducem
1710 1393 1853 1447 me¹¹¹
1895 1384 1965 1446 in
1992 1382 2115 1447 hoc
2145 1385 2486 1449 certamine

247 1462 469 1528 offero.
557 1463 796 1528 Animo
837 1474 1086 1530 tantum
1130 1461 1257 1529 si'nt
1298 1467 1631 1530 constanti.
1734 1465 2082 1531 Successus
2137 1488 2289 1532 vero
2338 1467 2483 1532 Deo

244 1545 498 1612 volente
552 1569 702 1632 pros
755 1547 1053 1613 erabitur.
1154 1548 1226 1614 Si
1285 1571 1438 1635 ergo
1491 1550 1936 1635 tempestivius
1990 1551 2163 1616 cives
2218 1549 2485 1616 insidias

245 1630 586 1697 advertant
628 1631 710 1697 be
755 1654 992 1719 umque
1034 1632 1220 1697 nobis
1259 1632 1671 1719 paucioribus
1710 1632 2001 1716 inferant,
2043 1633 2249 1698 fixum
2296 1634 2484 1700 nobis

243 1716 466 1779 animo
512 1715 611 1798 sit,
674 1726 786 1781 aut
827 1725 1049 1802 portae
1091 1718 1450 1802 ingressum
1493 1727 1743 1782 tantum
1798 1718 1981 1800 tueri,
2036 1718 2239 1783 donec
2288 1717 2483 1785 tubae

246 1797 550 1884 clangore
594 1801 908 1864 excitatae
952 1800 1243 1866 cohortes
1285 1801 1472 1866 nobis
1517 1801 1917 1884 subveniant,
1956 1812 2069 1867 aut
2096 1801 2297 1867 multa
2338 1822 2485 1867 con-

245 1884 483 1947 stantia
524 1884 592 1946 in
634 1881 776 1948 loco
820 1906 1009 1970 quem
1042 1886 1314 1971 quisque
1342 1882 1699 1970 possidebit
1724 1885 2218 1968 magnanimiter
2246 1887 2481 1951 emori'.

415 1984 516 2049 90.
582 1984 970 2050 Huiusmodi
1012 2008 1224 2051 rerum
1280 1985 1616 2072 dispositio
1680 1986 1977 2051 omnibus
2019 1996 2171 2070 apta
2208 1985 2482 2051 videtur.

245 2066 710 2134 Observatores
756 2071 971 2156 itaque
1001 2069 1247 2152 directi,
1291 2090 1645 2155 agasonum
1676 2068 2200 2133 consuetudinem
2235 2089 2481 2134 eorum-

245 2172 374 2239 que
418 2152 728 2236 habitum,
769 2162 1024 2240 tempus
1069 2175 1322 2241 quoque
1366 2164 1430 2218 et
1469 2175 1807 2218 numerum
1849 2152 2281 2239 promtissime
2321 2152 2483 2217 refe-

241 2245 413 2301 runt.
495 2236 602 2301 Ad
645 2259 863 2301 eorum
913 2259 1166 2323 quoque
1221 2235 1490 2301 relatum
1547 2236 1837 2302 cohortes
1888 2238 1959 2302 in
2011 2235 2248 2302 abditis
2298 2257 2481 2301 secus

245 2329 530 2384 montem
557 2319 908 2407 dispositae
941 2331 1106 2385 sunt.
1191 2323 1318 2385 Pro
1348 2342 1613 2385 numero
1646 2321 1837 2386 etiam
1866 2340 2220 2406 agasonum
2247 2319 2481 2385 milites

249 2425 400 2469 cum
421 2412 599 2489 patre
622 2427 765 2470 meo
795 2406 1028 2470 iuratid
1049 2404 1132 2468 ad
1153 2403 1593 2490 peragendum
1621 2405 1714 2469 rei
1742 2405 2070 2490 negotium
2100 2404 2476 2504 diriguntur.

246 2487 583 2572 Agasones
625 2489 842 2576 itaque
883 2510 1148 2553 numero
1213 2489 1296 2553 60
1350 2489 1622 2574 sumptis
1674 2488 1870 2553 armis
1913 2509 2092 2553 more
2134 2487 2320 2552 solito
2362 2509 2482 2573 per

243 2572 482 2636 montis
550 2571 806 2637 devexa·
871 2572 1186 2658 capitibus
1304 2570 1530 2637 illeatis
1598 2571 1681 2636 ad
1750 2571 2134 2658 farraginem
2221 2571 2479 2636 descen-

243 2655 422 2720 dunt.
509 2655 599 2720 Et
642 2658 814 2720 circa
856 2658 1100 2722 carices
1144 2677 1218 2721 co
1288 2656 1573 2742 gendos⁶
1618 2672 1780 2722 occu
1826 2657 1935 2738 ati,
1977 2677 2226 2721 moram
2267 2677 2478 2742 regre-

242 2738 463 2804 diendi
533 2739 992 2826 aliquantisper
1059 2740 1323 2805 faciunt.
1436 2741 1527 2804 At
1592 2751 1776 2827 pater
1870 2762 2053 2805 meus
2127 2748 2193 2804 et
2253 2740 2303 2804 ii
2367 2741 2479 2826 qui

241 2823 436 2887 iurati
490 2844 638 2886 cum
683 2845 758 2888 eo
801 2833 982 2889 erant
1030 2825 1392 2890 vehementi
1432 2826 1649 2888 animo
1695 2824 2063 2889 succedunt.
2149 2823 2477 2911 Factoque

243 2907 523 2993 agmine,
587 2906 859 2993 pilleatis
926 2909 1240 2995 capitibus
1304 2930 1482 2974 more
1545 2930 1901 2994 agasonum
1964 2929 2111 2972 cum
2151 2906 2477 2972 fasciculis

242 2990 584 3076 farraginis
613 2993 1055 3078 tempestivius
1085 2992 1365 3058 reditum
1405 2991 1781 3076 accelerant,
1825 2991 2263 3077 magnitudine
2292 2991 2475 3056 fasci-

243 3073 534 3139 culorum
561 3073 774 3140 vultus
802 3078 1056 3164 penitus
1084 3075 1407 3142 abdentes.
1473 3074 1723 3158 Quibus
1753 3075 2261 3159 advenientibus,
2290 3085 2479 3162 porta

243 3159 568 3257 patefacta
636 3168 750 3224 est.
864 3161 952 3224 Et
1020 3160 1277 3225 indivisi
1346 3158 1575 3225 urbem
1644 3168 1998 3246 penetrant.
2106 3158 2475 3224 Fasciculos

240 3252 461 3329 itaque
558 3242 845 3308 abiciunt
940 3253 1005 3308 et
1096 3242 1344 3329 gladios
1419 3243 1719 3308 educunt.
1832 3243 2035 3307 Tubis
2122 3251 2476 3341 personant

241 3326 627 3412 magnisque
671 3325 1057 3391 clamoribus
1111 3327 1336 3392 urbem
1395 3326 1792 3392 conturbant.
1890 3325 2141 3390 Urbam
2183 3349 2253 3390 er
2298 3347 2336 3389 o
2379 3327 2472 3389 in-

245 3408 440 3473 sidias
485 3411 968 3496 comperientes,
1012 3432 1159 3475 cum
1200 3412 1394 3475 armis
1447 3412 1514 3473 in
1569 3408 1784 3474 hostes
1837 3407 2141 3473 feruntur.
2306 3417 2475 3473 stant

244 3513 485 3574 omnes,
541 3503 606 3558 et
662 3493 1056 3560 validissime
1119 3492 1384 3580 plurimi
1433 3514 1677 3580 paucos
1741 3491 2072 3577 adurgent.
2158 3491 2249 3556 At
2309 3493 2473 3577 regii

242 3575 474 3642 milites
515 3600 556 3642 a
597 3577 740 3644 leva
783 3575 1043 3664 quidem
1085 3578 1262 3659 turri,
1305 3599 1345 3640 a
1387 3576 1618 3642 dextra
1658 3597 1809 3641 vero
1850 3575 2166 3658 domibus,
2210 3599 2251 3640 a
2290 3585 2472 3662 tergo

241 3670 459 3726 autem
524 3683 706 3726 muro
769 3661 947 3727 urbis
1010 3661 1529 3748 protegebantur,
1593 3681 1848 3725 omnem
1910 3659 2045 3724 vim
2108 3657 2259 3723 belli
2302 3670 2473 3724 ante-

240 3742 578 3829 habentes3
635 3745 806 3811 unde
865 3756 930 3811 et
981 3745 1176 3810 tutius
1229 3744 1826 3830 congrediebantur.
1925 3741 2061 3806 Nec
2102 3741 2363 3807 ulterius
2405 3743 2474 3806 in

240 3827 457 3894 hostes
521 3828 846 3895 audebant
908 3828 1211 3916 progredi
1233 3876 1251 3911 ,
1316 3851 1398 3893 ne
1463 3827 1813 3894 adversarii
1875 3850 1915 3892 a
1976 3835 2155 3912 tergo
2221 3835 2474 3912 portam

286 3933 580 3977 ervasam
629 3921 1006 4000 repeterent,
1051 3922 1115 3978 et
1156 3934 1236 3976 ne
1280 3914 1372 3976 sic
1399 3912 1551 3976 facti
1579 3911 1856 3977 hostium
1887 3909 2084 3975 medii
2123 3909 2472 3976 interirent.

350 4005 445 4060 tat
485 3998 702 4084 itaque
747 3999 1017 4085 quisque
1045 3998 1115 4060 in
1139 3994 1282 4061 loco
1315 4018 1509 4083 quem
1538 3994 1845 4081 possidet.
1930 3994 2019 4058 Et
2042 3994 2176 4057 iam
2203 3993 2474 4058 nimium

358 4109 406 4163 a)
449 4116 548 4161 poet
588 4113 689 4155 aad.
838 4110 888 4164 b)
921 4113 1152 4154 obvolutis
1184 4113 1226 4151 1-
1372 4108 1415 4163 e)
1446 4109 1603 4160 Atque
1641 4119 1800 4151 eorum
1832 4110 1875 4149 d.
1910 4110 1957 4159 13
1997 4119 2112 4150 corr.
2145 4109 2189 4162 2,
2219 4109 2296 4160 qui
2323 4110 2385 4151 Et
2418 4132 2471 4140 —

237 4170 488 4220 suspiceris
516 4172 566 4211 in
594 4183 732 4223 mara.
764 4173 863 4217 aad.
895 4172 975 4226 (id,
1006 4173 1101 4214 bile
1131 4180 1177 4223 a,
1205 4181 1300 4224 um,
1333 4171 1395 4212 ris
1425 4168 1560 4222 abac.)
1732 4166 1777 4220 d)
1812 4169 1845 4210 1.
1879 4169 2115 4218 eliguntur
2146 4170 2187 4208 1.
2336 4165 2383 4221 e)
2414 4169 2474 4208 ad

238 4229 355 4268 latus
395 4229 622 4270 verborum
653 4231 713 4270 Et
743 4242 781 4272 c.
817 4243 854 4274 c.
889 4231 1175 4280 colligendos
1205 4230 1254 4270 in
1283 4229 1479 4280 mareins
1507 4229 1731 4282 scriptum,
1762 4228 1836 4268 aed
1865 4232 1913 4268 ut
1943 4227 2111 4268 videtur
2133 4233 2235 4278 post
2265 4227 2470 4268 deletum.-

237 4287 371 4328 Unde
403 4288 556 4329 etiam.
674 4287 710 4342 f)
742 4301 788 4341 p.
817 4301 878 4331 m.
911 4291 1012 4330 aliie
1041 4289 1194 4330 erasis.

1927 4355 2008 4420 6.

2504 484 2614 528 949.-

2502 991 2521 1010 ⁰
2536 1005 2582 1044 p.
2616 994 2726 1035 ⁶08.
