3059 4834
631 232 734 281 134
1099 226 1406 279 RIC'HERI
1443 226 1945 279 HISTORIARUM
1981 225 2204 277 LIBER
2240 226 2378 278 1111.

503 418 605 462 28⁷.
628 398 728 465 sui
770 396 1120 461 discessum
1164 416 1203 459 a
1243 394 1392 476 vita,
1447 390 1748 458 heredem
1802 401 2045 457 certum
2087 393 2154 456 in
2194 414 2393 479 regno
2451 392 2847 478 relinqueret,

628 504 768 549 sese
812 476 1166 545 consultum
1213 500 1358 542 cum
1401 476 1799 563 principibus
1844 474 2123 541 contulit.
2195 476 2283 541 Et
2326 474 2554 542 collato
2586 499 2734 541 cum
2762 478 2849 541 eis

628 564 912 648 consiliO,
958 564 1302 628 Remorum
1344 560 1900 647 metropolitanum
1928 558 2290 625 Aurelianis
2332 562 2411 633 de
2456 562 2849 646 promotione

627 650 746 715 filii
789 649 889 713 sui
928 648 1214 711 Rotberti
1257 645 1326 708 in
1366 666 1636 730 regnum
1724 645 1852 707 rius
1895 666 2011 729 per
2050 642 2311 729 legatos,
2367 654 2516 731 post
2556 668 2677 730 per
2717 666 2847 710 sese

629 732 946 797 convenit.
1035 730 1158 795 Oui
1203 751 1348 793 cum
1391 738 1681 814 metropo
1711 728 1933 809 'tanuS‚
1985 750 2115 792 non
2156 738 2327 793 recte
2370 750 2565 813 posse
2612 730 2847 793 creari²

629 816 790 883 duos
843 837 1026 900 reges
1071 815 1138 878 in
1181 812 1407 879 eodem
1449 835 1638 894 anno,
1682 811 2114 897 responderet,
2172 811 2277 877 ille
2320 834 2475 877 mox
2518 836 2554 877 e
2602 810 2848 876 istolam

627 922 667 965 a
710 899 870 965 duce
913 898 1260 963 citeriorisb
1303 897 1655 982 Hispaniae
1684 894 1967 961 Borrello
1988 908 2009 942 1
2061 897 2323 960 missam
2410 919 2481 961 ro
2582 898 2646 979 ’t‚
2734 918 2847 960 uae

626 984 856 1062 ducem
946 992 1220 1048 etentem
1263 980 1567 1065 suffragia
1609 989 1827 1044 contra
1881 977 2187 1044 barbaros
2208 992 2231 1025 ²
2284 982 2350 1043 in
2400 979 2631 1047 ‘cahat
2750 1002 2849 1045 am

625 1070 820 1134 etiam
934 1069 948 1082 '
985 1068 1214 1153 paniae
1255 1073 1504 1151 partem
1561 1064 1849 1129 hostibus
1904 1085 2068 1148 pene
2125 1086 2209 1128 ex
2256 1073 2561 1149 ugnatam
2618 1086 2849 1129 assere·

625 1153 739 1218 bat
756 1164 799 1233 ⁰,
856 1161 920 1217 et
961 1152 1086 1215 nisi
1140 1150 1306 1214 intra
1362 1170 1613 1213 menses
1662 1149 1741 1211 10
1783 1148 2002 1232 copias
2046 1168 2086 1211 a
2130 1146 2233 1213 Ga
2283 1149 2331 1211 's
2376 1148 2668 1233 accipiat,
2712 1147 2849 1212 bar-

626 1236 800 1302 baris
830 1243 1029 1301 totam
1057 1235 1126 1297 in
1155 1232 1544 1299 deditionem
1565 1232 1991 1297 transituram.
2040 1232 2309 1297 Petebat
2326 1232 2562 1319 itaque,
2585 1230 2849 1295 alterum

625 1341 845 1405 regem
890 1320 1110 1399 creari,
1152 1326 1239 1399 ut,
1286 1318 1338 1380 si
1380 1314 1607 1381 bellico
1650 1314 1964 1379 tumultud
2006 1314 2276 1380 duorum
2318 1316 2476 1381 alter
2512 1315 2847 1395 decideret,

627 1403 707 1468 de
751 1404 1041 1488 principe
1081 1424 1212 1465 non
1252 1400 1569 1465 diffideret
1610 1400 1943 1463 exercitus.
2017 1400 2193 1464 Fieri
2234 1421 2488 1486 quoque
2532 1397 2851 1463 asserebat

677 1508 836 1569 osse,
893 1508 1046 1570 rege
1101 1487 1480 1569 interempto
1523 1493 1587 1547 et
1628 1485 1836 1570 patria
1878 1480 2177 1565 desolata,
2230 1483 2577 1568 primatum
2619 1482 2847 1547 discor-

678 1572 840 1653 'am‚
906 1590 1251 1654 pravorum
1309 1577 1530 1631 contra
1601 1566 1801 1631 bonos
1868 1564 2249 1631 tirannidem
2334 1575 2396 1631 et
2450 1566 2599 1631 inde
2656 1568 2844 1631 totius

629 1655 837 1737 gentis
882 1653 1334 1738 captivitatem.

1110 1771 1208 1835 13.
1293 1772 1617 1836 Promotio
1660 1771 1952 1836 Rotberti
1993 1772 2059 1833 in
2100 1790 2385 1855 regnum.

511 1909 612 1952 987.
796 1872 1320 1960 Metropolitanus
1380 1875 1472 1937 sic
1527 1894 1719 1959 posse
1774 1872 1913 1937 fieri
1968 1870 2349 1957 intelligens,
2410 1872 2596 1936 dictis
2652 1872 2845 1956 regiis

365 1969 502 2011 nee.
537 1969 609 2011 25·
631 1958 837 2023 cessit.
921 1958 1008 2023 Et
1050 1958 1200 2045 quia
1240 1968 1394 2022 tunc
1435 1958 1502 2021 in
1543 1958 1871 2022 nativitate
1913 1955 2178 2031 Domini
2232 1978 2573 2041 regnorum
2615 1956 2847 2041 princi-

631 2064 748 2141 pes
779 2052 1208 2107 convenerant
1235 2041 1320 2106 ad
1349 2040 1799 2106 celebrandum
1827 2063 1894 2104 re
1946 2041 2042 2105 'ae
2072 2041 2491 2105 coronationis
2520 2040 2847 2122 honorem,

621 2150 699 2207 ‚m
762 2125 1028 2192 basilica
1089 2134 1343 2191 sanctae
1403 2124 1629 2189 Crucis
1694 2126 1829 2189 eius
1870 2062 2071 2187 filium
2126 2124 2522 2206 Rotbertum,
2582 2124 2848 2189 Francis

621 2209 1056 2292 ‚laudantibus²
1109 2218 1415 2294 acceptac
1469 2220 1795 2295 purpura⁰
1855 2206 2073 2272 sollem
2122 2210 2285 2274 niter
2335 2210 2665 2275 coronavit
2710 2218 2773 2273 et
2816 2230 2851 2273 a

632 2294 819 2358 Mosa
873 2292 1068 2359 fluvio
1126 2313 1330 2379 usque
1387 2312 1697 2356 oceanum
1761 2292 2092 2357 occidenta
2115 2292 2257 2357 ibus
2313 2314 2530 2377 regem
2588 2292 2850 2378 prefecit

633 2387 698 2442 et
749 2378 1066 2442 ordinavit
1083 2401 1096 2416 ·
1154 2386 1329 2441 tanta
1381 2374 1694 2441 industria
1748 2385 1938 2462 atque
1998 2375 2274 2441 sollertia
2330 2375 2604 2459 clarum,
2662 2386 2736 2440 ut
2791 2386 2848 2441 et

631 2464 702 2525 in
743 2461 937 2526 rebus
980 2426 1356 2525 militaribus
1398 2460 1771 2546 precelleret
1812 2470 1875 2524 et
1918 2460 2149 2525 divinis
2192 2464 2269 2525 'ac
2312 2461 2635 2524 canonicis
2679 2461 2849 2525 insti·

632 2546 785 2610 tutis
830 2544 1216 2609 clarissimus
1267 2543 1639 2628 haberetur3
1696 2541 2063 2609 liberalibus
2118 2544 2340 2608 studiis
2396 2544 2793 2609 incomberet
2806 2557 2849 2627 θ,

633 2629 1083 2714 episcoporum
1146 2628 1337 2693 etiam
1401 2628 1641 2693 sinodis
1696 2629 2026 2693 interesset
2089 2637 2152 2693 et
2214 2650 2361 2692 cum
2423 2628 2515 2692 eis
2534 2640 2559 2671 0
2624 2650 2850 2693 causas

620 2710 1138 2777 aecclesiasticas
1181 2712 1523 2777 discuteret
1564 2733 1641 2776 ac
1684 2712 2149 2777 determinaret.

395 2867 512 2915 ⁸101.
543 2870 614 2911 44.
870 2834 964 2897 14.
1053 2806 1479 2919 ¹:Conquestio
1521 2830 1747 2897 Karoli
1786 2832 1961 2917 apud
2002 2832 2239 2896 amicos
2282 2832 2361 2896 de
2403 2854 2621 2917 regno,

800 2934 1106 2999 Intereaf·
1125 2945 1149 2981 ⁸
1191 2934 1466 2999 Karolus
1519 2934 1693 3020 apud
1734 2936 1973 2998 amicos
2016 2942 2079 2997 et
2134 2942 2437 3017 cognatos
2494 2944 2673 2999 motu
2714 2956 2859 3019 gra-

634 3017 894 3083 vissimo
924 3018 1222 3083 movebat
1295 3017 1571 3083 uerelam
1601 3027 1665 3082 at
1710 3041 1789 3083 ue
1818 3018 1886 3081 in
1915 3015 2014 3081 sui
2041 3016 2412 3102 suffragium
2443 3019 2859 3104 querimoniis

635 3101 975 3170 excitabat.
1062 3103 1191 3185 Qui
1276 3103 1528 3166 acrimis
1586 3124 1661 3166 su
1756 3124 1897 3165 sus:
1960 3099 2221 3182 ‘Video',
2278 3102 2500 3200 inquit,
2560 3108 2863 3167 ‘aetatem

631 3207 842 3249 meam
882 3186 1226 3271 procedere
1271 3196 1333 3251 et
1374 3208 1477 3251 me
1517 3186 1731 3271 ipsum
1771 3186 1839 3248 in
1882 3184 2017 3249 dies
2056 3184 2423 3270 patrimomi
2460 3186 2651 3250 rebus
2682 3188 2862 3250 exui.

631 3268 820 3333 Unde
862 3292 981 3334 nec
1025 3272 1158 3335 sine
1201 3270 1479 3334 lacrimis
1570 3268 1821 3333 arvulos
1864 3290 2039 3333 meos
2083 3269 2367 3353 aspicere
2408 3267 2609 3352 valeo,
2653 3269 2863 3334 infeli-

633 3354 723 3416 cis
768 3354 1055 3439 germina
1096 3356 1316 3441 patris.
1401 3354 1527 3436 Qui
1573 3376 1649 3417 us
1691 3354 1903 3440 potius
1947 3362 2169 3417 auctor
2210 3374 2353 3416 sum
2386 3354 2579 3418 futuri
2620 3352 2865 3418 doloris

677 3458 828 3500 uam
868 3438 1144 3501 honoris.
1235 3438 1402 3503 Satis
1457 3437 1681 3502 infelix
1722 3447 1905 3523 pater
1943 3436 2054 3519 fui,
2118 3436 2227 3535 qui
2268 3437 2431 3501 natis
2474 3438 2698 3502 adesse
2739 3438 2867 3501 vix

699 3520 972 3606 'quando
1031 3522 1230 3606 potui.
1334 3521 1465 3586 Sed
1521 3520 1743 3587 saltem
1786 3543 1919 3604 VOS,
1976 3520 2165 3584 amic1
2180 3532 2226 3603 8,
2272 3520 2576 3585 consulite
2620 3520 2869 3587 dolenti

634 3605 818 3689 patri,
876 3605 1206 3670 subvenite
1251 3605 1550 3671 destituto
1593 3606 1859 3691 parenti.
1946 3604 2250 3670 Adestote
2300 3606 2465 3669 natis
2523 3605 2591 3668 in
2648 3615 2867 3671 aetate

752 3793 796 3848 a)
831 3796 1033 3837 ordinari
1065 3796 1108 3839 1.
1253 3794 1300 3847 b)
1329 3796 1466 3835 inter.
1500 3797 1541 3836 1.
1692 3794 1735 3847 c)
1760 3800 1863 3845 poet
1890 3795 1993 3836 aad.
2143 3794 2189 3845 d)
2222 3796 2263 3835 si
2292 3796 2343 3835 in
2372 3796 2497 3836 bello
2526 3796 2787 3847 HIspanico
2826 3800 2870 3839 1.

639 3850 683 3905 e)
716 3856 779 3893 sic
807 3866 842 3897 c.
933 3853 971 3906 f)
1006 3854 1122 3901 Quae
1151 3858 1392 3902 sequuntur
1421 3856 1470 3893 in
1489 3854 1607 3903 solio
1638 3866 1733 3894 cum
1764 3856 1834 3895 33.
1868 3855 2111 3894 cohaerente
2142 3859 2323 3894 exarata
2344 3854 2541 3903 sortasse
2564 3856 2697 3905 prius
2726 3866 2873 3906 quam

633 3914 925 3953 antecedentia
955 3914 1117 3963 scripta
1147 3918 1264 3953 sunt.
1389 3911 1434 3964 g)
1470 3910 1496 3953 ὀ
1529 3914 1668 3954 amici
1699 3916 1791 3954 mei
1824 3916 1863 3953 1.

785 4049 839 4118 1)
881 4052 962 4104 Cf.
1000 4052 1104 4116 111,
1142 4052 1233 4104 43.
1406 4050 1464 4119 2)
1503 4054 1541 4104 i.
1583 4070 1629 4105 e.
1669 4054 2009 4105 Sarracenos.
2157 4050 2216 4119 3)
2255 4054 2408 4105 Haec
2444 4071 2551 4106 non
2588 4061 2724 4123 post,
2767 4057 2878 4109 sed

637 4130 760 4249 {nte
795 4125 1404 4248 Rotberti33electionem
1443 4127 1691 4195 ponenda
1742 4143 1877 4197 esse,
1922 4132 2217 4195 temporum
2248 4128 2481 4181 rationes
2523 4128 2747 4194 docent3
2798 4133 2879 4184 cf.

688 4213 897 4247 eimann
933 4216 984 4265 p.
1099 4236 1110 4250 .
