3059 4834
385 301 428 320 ⁴*
713 285 1021 338 RICHERI
1057 286 1563 339 HISTORIARUM
1600 287 1822 339 LIBER
1860 288 1904 338 1.
2348 286 2419 336 36

287 457 392 521 57.
464 453 704 540 Regis³¹¹
746 476 825 517 ac
868 453 1265 538 pirataruma
1309 453 1672 519 conflicti0³³¹
1715 464 2098 540 eorumque⁸
2140 452 2326 518 fusio.

356 557 587 621 Edicto
605 568 627 602 1
672 577 826 640 ergo
870 555 1047 640 regio
1094 555 1386 620 omnibus
1431 557 1544 642 qui
1587 555 1665 620 de
1709 554 1963 620 militari
2007 555 2225 621 ordine
2254 553 2420 621 vale-

172 644 344 708 bant
382 641 604 705 accitis
656 662 740 706 ex
791 637 1002 703 Gallia
1054 636 1296 704 Celtica
1340 661 1487 703 cum
1530 638 1787 704 multisb
1844 638 2207 725 Belgarum,
2267 639 2419 705 duo·

175 727 401 792 decim
445 724 736 789 cohortes
780 722 1048 787 ordinat.
1149 722 1313 788 Cum
1427 721 1619 788 uibus
1663 725 1784 788 iter
1834 723 2163 809 arripiens,
2216 746 2419 810 usque

175 809 572 876 Lemovicas
649 806 962 906 procedit.
1072 805 1345 894 Ibique⁰
1435 806 1771 893 egionibus
1848 807 2203 894 dispositiS,
2270 829 2421 871 cum

175 903 486 992 pyratae,
550 913 618 954 re
688 913 797 954 um
857 893 1208 978 equitatum
1263 913 1392 955 non
1443 893 1854 974 sustinentes,
1906 891 2201 976 profugio
2260 889 2421 976 eripi

177 986 558 1057 niterentur,
604 997 642 1038 a
728 974 1198 1060 Aquitanorum
1240 974 1491 1060 legione
1549 975 1789 1062 repulsi
1831 986 1997 1041 sunt.
2082 976 2227 1040 Rex
2267 995 2418 1038 vero

181 1082 341 1124 cum
386 1059 748 1124 cohortibus
799 1069 1192 1157 prosecutuS,
1247 1060 1430 1144 gravi
1487 1060 1686 1124 cede‘1
1786 1082 1905 1124 ene
1964 1081 2181 1124 omnes
2237 1057 2419 1140 fudit,

180 1149 417 1231 paucis
459 1143 615 1228 fuga
655 1141 873 1229 lapsis.
959 1141 1236 1207 Suorum
1278 1165 1430 1208 vero
1487 1083 1782 1208 nonnulff
1817 1144 2104 1226 sauciati,
2150 1164 2233 1206 ex
2288 1139 2421 1207 vul·

180 1251 344 1294 nere
376 1224 774 1292 convaluere.
858 1225 1077 1313 Aliqui
1121 1228 1314 1292 etiam
1357 1228 1691 1292 interfecti.
1758 1227 1981 1314 Itaque
2023 1227 2263 1291 factum
2307 1236 2420 1307 est,

181 1322 262 1377 ut
292 1312 604 1398 Aquitani
631 1311 869 1395 gratias
911 1312 1050 1396 regi
1084 1310 1421 1377 reddentes
1462 1311 1663 1378 multa
1691 1314 1750 1378 ei
1777 1309 2204 1377 benivolentia
2234 1309 2421 1375 subdi

179 1395 510 1461 voluerint
549 1416 626 1458 ac
668 1394 805 1459 iure
850 1396 1229 1460 sacramenti
1272 1396 1340 1460 in
1387 1395 1581 1460 fidem
1625 1396 2053 1460 firmissimam
2096 1416 2425 1460 concesse·

179 1483 335 1548 rint.
445 1479 695 1560 Quibus
748 1477 983 1544 utiliter
1036 1480 1324 1565 patratis,
1383 1502 1502 1544 rex
1559 1481 1909 1546 exercitum
1964 1477 2222 1544 reduxit
2276 1501 2422 1565 pro-

181 1565 603 1649 cinctumque
647 1560 852 1627 solvit.

606 1684 709 1752 58.
766 1683 1117 1770 [Heriberti
1159 1692 1222 1748 et
1233 1687 1282 1770 e]
1327 1683 1627 1769 Hugonis
1670 1685 1999 1748 dissensiO.

355 1787 536 1851 Dum
587 1787 746 1851 haec
790 1795 1180 1869 gererentur,
1237 1786 1403 1852 inter
1451 1787 1798 1872 Hugonem
1814 1787 1837 1828 f
1894 1796 1958 1851 et
2007 1785 2421 1852 Heribertum

189 1873 268 1936 de
380 1870 694 1936 relaturae
770 1871 1079 1955 dignitate
1160 1869 1302 1936 lites
1374 1871 1714 1969 agitantur.
1827 1870 2216 1956 Efferatique
2282 1891 2419 1934 sese

187 1978 301 2056 pre
349 1979 403 2019 is
458 1966 522 2020 et
577 1953 887 2019 incendiis
945 1955 1226 2040 graviter
1280 1954 1582 2019 afficiunt.
1681 1954 1825 2018 Rex
1886 1954 1955 2016 in
2009 1954 2421 2018 Heribertum

187 2038 530 2125 indignans
549 2088 565 2121 ,
631 2061 706 2104 eo
773 2037 947 2124 quod
1008 2037 1316 2123 perfidiae
1428 2046 1706 2101 romtum
1782 2059 1918 2101 esse
1991 2045 2422 2123 cognosceret,

186 2123 537 2209 Hugonisz
579 2121 915 2210 partibuse
957 2120 1170 2185 stabat
1185 2133 1231 2198 g,
1274 2143 1363 2184 un
1410 2133 1491 2185 eg
1548 2129 1612 2185 et
1651 2120 2014 2185 Heribertig
2069 2119 2423 2206 oppidumh

186 2208 562 2271 Donincum
581 2218 605 2250 ²
656 2206 932 2286 nomine,
989 2204 1269 2290 Hugone
1313 2206 1533 2285 ascit0,
1577 2226 1916 2290 aggressus
1959 2212 2289 2290 expugnat
2343 2224 2423 2267 ac

191 2299 454 2375 captum
497 2287 708 2352 diruit.
793 2288 854 2352 N
858 2309 932 2352 ec
974 2289 1184 2352 minus
1236 2296 1300 2352 et
1340 2289 1723 2354 Atrabatum
1767 2286 2094 2353 obsidione
2136 2286 2423 2352 adhibita

195 2373 367 2458 cepit
421 2376 447 2401 *
465 2373 762 2458 civesque
803 2373 1004 2437 victos
1057 2394 1133 2436 ac
1177 2374 1414 2436 iuratos
1469 2372 1593 2437 sibi
1646 2373 1970 2437 annexuit.
2077 2372 2221 2437 Rex
2270 2370 2421 2437 inde

197 2457 538 2542 digressUS,
594 2477 738 2520 cum
779 2458 1065 2554 quietum
1123 2478 1259 2521 sese
1317 2455 1749 2538 arbitraretur,
1804 2456 2204 2540 Heribertus,
2264 2455 2422 2520 Ger-

195 2543 402 2605 manis
461 2541 567 2625 qui
623 2538 827 2604 Rheni
881 2539 1067 2604 litora
1122 2539 1449 2605 incolunt³
1506 2540 1780 2623 eductis,
1834 2541 1904 2604 in
1958 2562 2178 2625 regem
2225 2538 2423 2605 fertur

195 2647 271 2690 ac
299 2622 651 2689 execrabili
681 2623 894 2688 fiirore
924 2624 1219 2688 incendia
1259 2625 1644 2711 rapinasque
1686 2626 1992 2690 exercuit.
2057 2625 2212 2689 Insu
2261 2647 2331 2690 er
2358 2633 2423 2689 et

192 2709 488 2808 Hugonis
513 2707 841 2796 oppidum,
866 2706 1066 2794 quodi
1089 2730 1274 2773 secus
1301 2718 1648 2774 torrentem
1668 2706 1950 2774 Vitulam
1972 2710 2163 2774 situm
2243 2709 2424 2774 raina

196 2793 489 2876 dic1tur⁴‚
551 2801 843 2879 occupat,
904 2793 1078 2878 capit
1134 2815 1210 2856 ac
1255 2791 1468 2857 diruit.

660 2914 761 2979 59.
829 2911 1320 3002 [Delibe]ratio¹³
1367 2913 1611 3002 [contra
1622 2915 1677 3000 k]
1721 2935 1958 2999 regem.

363 3014 572 3078 Huius
615 3037 765 3080 vero
825 3014 1244 3080 contumeliae
1297 3038 1554 3081 causam
1608 3039 1725 3081 rex
1769 3037 1835 3080 se
1883 3016 2286 3081 constituisse
2328 3015 2421 3079 in-

201 3095 507 3182 telligens,
573 3099 708 3163 eius
771 3099 1121 3184 potentiam
1175 3100 1460 3166 minuere
1527 3100 1893 3188 quaerebat.
1997 3097 2421 3165 Remensibus

203 3203 351 3267 ergo
396 3181 645 3246 civibus
685 3180 930 3268 legatos
970 3183 1166 3248 mittit
1203 3207 1282 3250 ac
1322 3194 1394 3250 ut
1431 3184 1801 3270 pontificem
1832 3183 2071 3270 eligant
2127 3183 2421 3270 precipit.

204 3266 392 3346 Quod
448 3266 670 3330 etiami
726 3267 795 3330 ni
849 3267 1106 3348 faciant,
1161 3267 1358 3332 alium
1399 3271 1641 3354 preter¹
1682 3291 1904 3333 eorum
1944 3266 2107 3332 velle
2150 3269 2243 3332 eis
2284 3288 2423 3332 sese

201 3349 644 3434 impositurum
684 3351 962 3416 mandat.
1046 3351 1137 3416 At
1179 3353 1370 3434 cives,
1414 3353 1630 3438 regiae
1672 3349 2006 3438 legationis
2049 3350 2422 3415 mandatum

203 3434 589 3520 excipientes
602 3447 665 3517 ¹¹¹,
731 3435 888 3520 quid
949 3436 1074 3522 ipsi
1135 3435 1284 3502 inde
1347 3436 1545 3501 velint
1608 3456 1684 3500 ac
1746 3435 2050 3516 sentiant,
2112 3456 2230 3533 per
2272 3454 2422 3498 suos

203 3517 437 3604 legatos
480 3519 789 3602 referunt3
835 3541 973 3584 sese
1021 3519 1322 3585 videlicet
1374 3521 1553 3605 regio
1603 3520 1782 3582 iussu
1822 3517 2147 3583 Heriberti
2197 3516 2422 3600 filium,

201 3600 346 3666 lieet
371 3602 582 3666 adhuc
611 3625 901 3688 puerum,
931 3605 1290 3690 suscepisse
1318 3613 1510 3690 atque
1539 3603 1903 3690 pontificem
1934 3600 2234 3688 elegisse3
2272 3600 2423 3667 inde

204 3686 388 3750 etiam
437 3686 629 3751 fidem
682 3688 744 3752 ei
798 3688 927 3752 iam
970 3688 1206 3752 factam
1261 3687 1837 3769 accommodasse13
1938 3695 2283 3775 uapropter
2329 3686 2423 3751 in·

202 3768 500 3856 possibile
544 3793 701 3853 esse,
759 3781 832 3836 ut
871 3771 996 3836 fide
1040 3771 1344 3837 inviolata
1401 3770 1484 3837 ab
1547 3794 1621 3837 eo
1674 3771 1767 3836 sic
1826 3771 1907 3835 de
1956 3767 2119 3836 cere'
2154 3771 2420 3858 possint.

316 3912 361 3967 a)
389 3915 446 3967 R,
475 3917 595 3968 pira,
626 3917 717 3969 flio,
748 3927 837 3967 que
869 3916 892 3956 f
932 3916 1044 3959 abeo.
1178 3914 1226 3969 b)
1260 3916 1535 3967 quibusdam
1568 3919 1606 3956 1.
1740 3914 1783 3969 c)
1818 3916 1875 3957 ab
1903 3927 2013 3966 roge
2042 3917 2120 3956 del.
2243 3914 2290 3967 d)
2322 3926 2423 3966 pre-

203 3974 264 4014 lio
296 3976 336 4015 1.
424 3973 468 4025 e)
501 3975 562 4015 Η.
595 3975 751 4017 disson
781 3975 883 4015 aliis
913 3975 1090 4016 abscisio
1119 3986 1155 4018 ο.
1288 3973 1324 4026 f)
1356 3975 1469 4015 ΗΘΜ
1492 3988 1526 4017 ο.
1648 3974 1695 4030 g)
1727 3976 1786 4017 Η.
1824 3999 1876 4007 -
1907 3976 2143 4016 Hei-iberti
2181 3975 2230 4014 in
2258 3985 2421 4024 marq.;

203 4033 423 4086 lingonis,
454 4044 528 4086 pa,
561 4035 678 4087 stab,
711 4046 791 4088 un,
821 4036 894 4076 He
925 4035 1038 4076 abac.
1161 4033 1210 4087 h)
1243 4035 1342 4075 eius
1375 4039 1576 4075 castrum
1608 4035 1648 4075 1.
1754 4033 1791 4086 i)
1816 4041 1919 4084 post
1936 4035 2036 4077 add.
2154 4032 2205 4085 k)
2237 4033 2422 4086 Delibe,

207 4096 358 4132 contra
386 4092 515 4144 abeo„
549 4104 684 4144 eaque
706 4105 896 4145 prorsus
926 4094 1106 4134 incerta.
1233 4091 1270 4145 1)
1302 4103 1405 4136 sese
1437 4106 1482 4144 p.
1515 4106 1556 4137 e.
1587 4105 1629 4135 v.
1664 4105 1708 4135 e.
1738 4094 1770 4135 i.
1808 4096 1848 4134 1.
1968 4092 2033 4146 m)
2066 4093 2347 4134 admirantes
2381 4094 2423 4134 1.

347 4193 403 4261 1)
441 4198 595 4249 Haec
633 4199 866 4252 breviter
901 4203 1081 4251 narrat
1116 4197 1273 4250 mod.
1313 4214 1364 4248 a.
1394 4198 1519 4250 930.
1668 4195 1726 4263 2)
1764 4197 2023 4253 Doulens.
2135 4198 2188 4262 3)
2227 4195 2425 4250 Locha-

204 4267 456 4320 aiensibus
492 4271 649 4324 Flod.
799 4269 858 4338 4)
896 4273 1093 4324 Braine
1132 4287 1221 4324 sur
1256 4271 1436 4325 Vesle.

1871 4355 1949 4420 3.

2440 470 2541 513 930.

2442 1811 2544 1853 981.

2438 2377 2456 2395 ⁸
2474 2391 2521 2430 p.
2552 2379 2651 2423 585.
