3059 4834
552 577 652 618 281.

446 1152 520 1208 ⁶9.
551 1156 652 1198 625.

677 283 780 332 116
1181 280 1488 332 RICHERI
1524 279 2030 332 HISTORIARUM
2072 277 2296 330 LIBER
2332 280 2442 330 111.

1216 447 1315 512 82.
1404 447 1668 513 Oratio¹²
1711 447 1929 510 ducis⁸¹
1971 445 2148 531 apud
2189 468 2358 510 suOS.

840 551 1089 633 Quibus
1135 571 1347 613 coram
1390 549 1483 612 sic
1525 572 1706 613 orsus
1751 549 1948 635 cepit:
1995 548 2158 613 ‘Non
2185 561 2401 634 preter
2427 549 2702 613 fructum
2730 549 2911 614 utilis

672 647 736 702 et
775 635 1026 702 honesti
1068 631 1403 698 consilium
1446 655 1485 697 a
1527 633 1731 698 doctis
1775 633 2113 718 expetitur.
2202 633 2452 713 Quibus
2495 631 2646 696 solis
2690 643 2756 698 et
2799 634 2911 698 de-

672 731 887 786 center
928 718 1270 798 acceditur,
1314 727 1378 780 et
1419 717 1499 780 ab
1545 718 1680 781 eisb
1723 715 2054 781 fluctuanti
2095 717 2186 781 rei
2241 715 2488 780 consilii
2540 719 2698 781 ratio
2755 739 2909 803 ape-

670 809 848 870 ritur.
933 805 1105 868 Vosc
1148 803 1212 865 in
1258 799 1646 864 consulendo
1690 800 1962 865 arbitror
2003 799 2266 865 idoneos
2279 803 2326 882 *,
2371 822 2518 864 cum
2563 801 2644 866 ab
2687 803 2908 867 animo

672 911 802 953 non
846 887 1151 969 discedat,
1208 894 1442 970 quanta
1482 886 1720 949 virtute
1763 894 1827 948 et
1875 884 2132 969 ingenio
2189 885 2388 949 vestri
2445 907 2907 970 saepenumero

673 972 1053 1038 adversariis
1124 969 1556 1055 prenituerim.
1674 966 1966 1055 Cumque
1983 969 2012 1010 ⁸¹
2072 990 2188 1034 vos
2254 967 2412 1031 mihi
2475 968 2772 1033 manibus
2841 981 2909 1034 et

674 1064 1069 1121 sacramento
1127 1053 1445 1134 addictos,
1498 1051 1692 1116 fidem
1736 1074 1990 1138 quoque
2053 1050 2487 1116 inviolabilem
2544 1063 2905 1118 servaturos

675 1146 880 1205 *none
946 1138 1231 1204 dubitem
1248 1149 1292 1218 θ,
1358 1135 1792 1200 indubitanter
1855 1157 1894 1199 a
1959 1134 2253 1201 fidelibus
2320 1135 2655 1200 consilium
2727 1149 2903 1222 pet0.

675 1224 866 1306 Quod
909 1224 963 1287 si
1005 1222 1163 1285 mihi
1221 1220 1611 1300 conceditur,
1669 1242 1784 1284 vos
1827 1221 2020 1284 etiam
2061 1221 2546 1306 participabitis,
2650 1219 2722 1284 Si
2773 1243 2904 1285 non

672 1309 1051 1393 suggeritur,
1080 1305 1241 1370 forte
1270 1327 1399 1369 non
1428 1303 1635 1368 aberit
1662 1302 2088 1389 dispendium,
2122 1305 2227 1367 cui
2253 1304 2584 1368 indecores
2615 1326 2903 1370 succum-

670 1395 856 1458 batis.
942 1392 1117 1476 Ergo
1209 1390 1317 1452 uia
1358 1410 1474 1474 pro
1519 1389 1655 1453 vita
1697 1389 1926 1472 agitur,
1986 1386 2317 1452 consilium
2360 1388 2513 1452 utile
2556 1387 2905 1454 liberaliter

670 1476 1049 1562 expromite.
1197 1495 1280 1537 on
1337 1472 1505 1537 enim
1548 1493 1665 1537 vos
1707 1470 1878 1552 latet,
1935 1482 2172 1559 quanta
2213 1471 2558 1537 subtilitate
2602 1471 2738 1536 doli
2788 1473 2902 1537 Lo·
3006 1547 3008 1552 ,

672 1561 913 1626 tharius
970 1581 1088 1622 rex
1139 1558 1465 1620 incautum
1515 1577 1618 1618 me
1671 1554 1977 1637 fefellerit,
2031 1578 2176 1620 cum
2231 1556 2472 1643 absque
2529 1579 2632 1621 me
2679 1557 2904 1622 Ottoni

671 1641 1066 1707 reconciliari
1106 1639 1377 1704 voluerit
1401 1638 1768 1724 feceritque.
1831 1639 1956 1704 Cui
1983 1663 2023 1704 a
2044 1641 2065 1682 f
2087 1651 2297 1705 mente
2326 1641 2578 1727 penitus
2610 1643 2902 1724 excessit,

673 1749 866 1813 quam
907 1723 1155 1790 liberali
1194 1724 1405 1788 animo
1451 1730 1756 1809 quantum
1799 1723 2154 1809 periculum
2185 1747 2523 1810 aggressus
2569 1725 2710 1806 sim,
2762 1748 2907 1788 cum

672 1833 790 1896 per
830 1832 933 1874 me
975 1808 1222 1872 hostem
1264 1829 1469 1892 nuper
1509 1805 1843 1892 fugaverit,
1889 1807 2215 1892 Belgicam
2262 1831 2512 1895 quoque
2541 1809 2664 1871 insi
2713 1811 2906 1874 nibus

672 1892 933 1959 sublatis
997 1891 1333 1957 hostilibus
1399 1890 1842 1956 subarraverit.
1960 1891 2136 1972 Quid
2203 1914 2355 1976 ergo
2432 1893 2571 1978 spei
2705 1895 2905 1958 terius

672 1988 1027 2063 expectem,
1081 1999 1227 2040 cum
1272 1973 1415 2039 dolo
1460 1975 1653 2039 fidem
1696 1974 2088 2062 abruperit'?

836 2098 935 2166 83.
1020 2096 1419 2162 Declamatio
1436 2107 1481 2179 8,
1529 2109 1703 2182 quag
1744 2098 1844 2159 usi
1889 2104 2034 2160 sunt
2073 2097 2247 2183 apud
2288 2096 2559 2162 ducem&
2603 2097 2715 2161 sui.

842 2207 950 2272 Ad
1012 2206 1171 2271 haec
1280 2207 1607 2270 rimatesh:
1673 2205 1836 2269 ‘Non
1900 2206 2103 2270 solum
2161 2203 2489 2288 novimus',
2554 2207 2855 2305 inquiunt
2870 2210 2903 2290 ἱ,

675 2293 993 2378 ‘quantis¹¹
1025 2230 1323 2377 periculis
1343 2289 1674 2354 nobiscum
1696 2312 1812 2374 pro
1841 2289 2140 2354 Lothario
2170 2313 2318 2375 rege
2351 2301 2545 2376 caput
2573 2290 2899 2374 obleceriS,

675 2399 901 2441 verum
945 2397 1216 2460 quoque,
1262 2383 1499 2460 quanto
1546 2373 1911 2438 discrimine
1957 2373 2267 2438 claritudo
2296 2385 2407 2440 tua
2436 2373 2647 2439 adhuc
2676 2385 2893 2461 patens

675 2463 774 2543 sit,
820 2461 893 2541 si,
938 2469 1009 2523 ut
1049 2459 1220 2522 fama
1261 2469 1373 2541 est,
1420 2457 1546 2521 duo
1589 2457 1772 2543 reges
1803 2468 2024 2522 contra
2051 2468 2112 2523 te
2143 2459 2664 2544 conspiraverint.
2738 2461 2899 2524 Nam

676 2546 730 2609 si
770 2555 992 2608 contra
1035 2542 1329 2607 alterum1
1374 2544 1727 2606 exercitum
1769 2564 1886 2626 pro
1925 2541 2288 2608 defensione
2327 2542 2632 2624 moliariS,
2677 2544 2903 2609 ambos

675 2637 897 2692 contra
936 2637 1000 2691 te
1042 2649 1197 2690 mox
1238 2636 1403 2690 stare
1445 2626 1752 2689 invenies,
1827 2625 1899 2690 Si
1941 2637 2162 2691 contra
2202 2626 2426 2691 ambos
2467 2628 2643 2690 nisus
2685 2627 2904 2710 fueriS‚

674 2711 949 2796 plurima
988 2709 1395 2773 incommoda
1435 2711 1754 2773 incurrere
1809 2731 2068 2775 necesse
2111 2721 2224 2791 est,
2282 2712 2635 2796 equitatum
2676 2710 2904 2776 intole-

673 2792 959 2876 rabilem,
1002 2793 1265 2857 insidias
1310 2792 1706 2878 multiplices,
1750 2793 2041 2858 incendia
2068 2804 2258 2879 atque
2285 2796 2562 2879 rapinas,
2608 2804 2690 2876 et,
2731 2796 2908 2882 quod

672 2878 1025 2964 pessimum
1068 2884 1179 2958 est,
1230 2876 1503 2941 nefarios
1553 2875 1734 2939 infidi
1775 2875 1952 2961 vulgi
1993 2900 2296 2961 rumores,
2351 2881 2463 2964 qui
2504 2901 2633 2942 non
2681 2890 2906 2944 contra

672 2961 1068 3026 adversarios
1109 2982 1225 3023 nos
1284 2982 1584 3024 exercere
1628 2959 2059 3025 defensionem
2102 2961 2414 3049 loquetur,
2468 2973 2532 3027 at
2586 2964 2656 3026 in
2699 2963 2905 3030 rebel-

670 3045 839 3108 lione
893 3052 1111 3108 contra
1161 3066 1375 3128 regem
1430 3045 1797 3108 temerarios
1853 3057 2046 3131 atque
2101 3047 2389 3131 periuros
2441 3056 2608 3112 stare
2662 3047 2905 3112 calum-

676 3127 966 3194 niabitur.
1042 3128 1151 3192 Sic
1195 3129 1440 3192 etiamm
1483 3127 1565 3190 ad
1611 3150 2044 3215 quoscumque
2073 3130 2378 3196 accedere
2407 3152 2596 3217 posse
2623 3134 2903 3198 mencie-

671 3223 793 3295 tur,
839 3222 910 3276 ut
952 3213 1087 3276 sine
1116 3210 1366 3294 delict0,
1396 3213 1529 3276 sine
1560 3212 1819 3297 periurii
1857 3213 2076 3278 sacrile
2125 3216 2186 3278 io
2229 3237 2268 3277 a
2296 3216 2568 3279 dominis
2595 3217 2907 3281 recedant

672 3307 736 3361 et
780 3306 999 3361 contra
1036 3295 1176 3360 illos
1220 3306 1591 3381 arroganter
1644 3297 1922 3362 cervices
1978 3307 2107 3363 atto
2152 3309 2278 3363 ant.
2365 3299 2576 3363 Huius
2627 3301 2908 3386 periculi

672 3392 1029 3446 extremum
1058 3391 1123 3445 et
1148 3379 1299 3445 utile
1330 3380 1664 3445 consilium
1691 3380 1877 3445 nobis
1906 3382 2172 3464 videtur,
2215 3392 2302 3464 ut,
2341 3405 2485 3446 cum
2516 3383 2643 3447 duo
2677 3395 2910 3449 contra

670 3488 787 3529 nos
846 3467 1162 3530 coniuncti
1220 3467 1375 3547 sint,
1440 3464 1621 3529 alteri
1681 3464 1948 3529 alterum
2012 3465 2475 3531 subtrahamus
2583 3467 2786 3548 Quod
2849 3471 2906 3532 si

670 3548 849 3613 alteri
892 3548 1049 3613 alter
1084 3549 1365 3614 subtrahi
1395 3551 1636 3634 nequit,
1680 3548 1902 3614 saltem
1932 3551 1999 3613 in
2026 3551 2426 3615 amiciciamn
2453 3552 2641 3616 nobis
2675 3575 2904 3617 eorum

668 3632 932 3697 alterum
977 3633 1427 3716 devinciamus,
1472 3643 1543 3697 ut
1583 3630 1740 3698 alter
1780 3632 1966 3698 nobis
2010 3634 2301 3699 addictus
2345 3635 2523 3700 alteri
2559 3637 2731 3701 vires
2769 3659 2904 3700 non

814 3811 863 3880 *)
903 3829 1035 3879 quos
1076 3819 1129 3864 et
1164 3814 1437 3877 ingenium
1478 3815 1751 3877 cogitandi
1788 3820 1843 3865 et
1881 3817 2016 3866 ratio
2061 3815 2280 3866 dicendi
2329 3816 2566 3867 reddidit
2618 3817 2897 3870 clariores.

905 3888 1048 3949 Quos
1068 3903 1173 3937 non
1195 3886 1377 3936 dubito
1406 3886 1472 3936 de
1498 3888 1724 3953 pernitie
1747 3889 2001 3940 bonorum
2022 3889 2218 3953 dolere,
2247 3890 2438 3953 quibus
2464 3893 2672 3957 ingenti
2697 3892 2898 3943 virtute

903 3960 1231 4028 propositum
1269 3960 1338 4010 sit
1374 3961 1629 4025 improbis
1669 3960 1971 4028 displicere.
2048 3963 2120 4013 Et
2160 3963 2286 4014 add.
2327 3965 2374 4014 1.

784 4084 830 4138 a)
865 4087 919 4138 Ο,
962 4088 991 4128 d
1029 4089 1142 4127 abac.
1321 4085 1367 4137 b)
1410 4088 1455 4127 ei
1499 4099 1612 4128 corr.
1660 4089 1742 4130 eis.
1924 4087 1966 4139 c)
1997 4090 2049 4130 V.
2093 4099 2203 4139 ergo
2236 4093 2277 4132 1.
2458 4089 2505 4143 d)
2538 4092 2629 4134 Vos
2664 4095 2808 4134 etiam
2853 4096 2898 4138 1.

668 4142 712 4197 ο)
738 4151 838 4196 poet
868 4147 968 4188 add.
1104 4146 1141 4198 f)
1174 4147 1230 4186 ab
1263 4147 1416 4188 animo
1448 4148 1487 4188 1.
1611 4145 1658 4198 g)
1689 4148 1748 4200 D,
1777 4159 1854 4200 qu,
1887 4149 1916 4188 d
1947 4148 2058 4188 absc.
2191 4149 2240 4202 h)
2271 4151 2371 4190 Hac
2403 4152 2736 4200 conquestione
2767 4154 2896 4204 prin-

666 4205 792 4253 cipes
823 4208 1035 4255 suscepta
1066 4208 1108 4246 1.
1229 4203 1264 4256 i)
1296 4207 1368 4245 vir
1397 4206 1588 4246 illustris
1620 4207 1719 4249 add.
1753 4208 1794 4248 1.
1913 4205 1962 4256 k)
1997 4211 2167 4256 quanto
2198 4209 2402 4259 periculo
2439 4212 2478 4249 1.
2598 4207 2632 4262 1)
2667 4222 2816 4252 unum
2847 4215 2894 4252 1.

666 4260 729 4313 m)
765 4273 947 4312 quoque
979 4265 1037 4304 ad
1067 4275 1438 4312 unumquemque
1471 4267 1511 4306 1.
1634 4264 1683 4319 n)
1713 4276 1754 4306 a.
1788 4269 1990 4307 nostram
2023 4268 2062 4305 1.
