3059 4834
494 427 596 471 ⁹48.

387 1343 497 1389 ‘fol-
515 1347 604 1390 270.

619 245 688 295 ‘16
1141 242 1448 295 RICHERI
1485 241 1989 294 HISTORIARUM
2025 241 2250 294 LIBER
2286 243 2361 294 11.

617 413 841 497 rique*¹¹
900 411 1320 495 mancipatus.
1422 408 1539 473 Ille
1590 431 1743 474 vero
1798 431 1902 472 me
1958 409 2204 494 eripere
2259 407 2575 472 simulans
2595 457 2616 489 ,
2668 409 2883 476 bfflios

619 517 798 559 meos
856 495 995 559 iure
1055 493 1352 558 obsidum
1410 492 1654 557 dandos
1713 493 1988 579 petebat.
2088 490 2181 556 At
2234 493 2313 556 iis
2371 493 2481 578 qui
2528 492 2713 556 mihi
2757 493 2883 559 fide

620 578 905 644 adiuncti
957 587 1138 642 erant
1194 589 1454 641 omnesc
1515 577 1697 641 dari⁰
1752 575 2267 659 reclamantibus,
2312 575 2589 640 dimisso
2641 599 2801 659 un0‚
2845 601 2884 642 a

618 663 844 749 piratis
888 683 991 725 me
1031 683 1174 726 rece
1224 662 1293 725 it.
1380 661 1520 725 Iam
1564 659 1922 725 libertatem
1965 681 2247 745 speranS,
2295 681 2420 744 quo
2457 661 2739 725 animus
2768 663 2879 725 im-

619 744 884 832 pelleret
935 747 1027 809 ire
1084 767 1166 810 vo
1191 743 1400 809 ebamss
1485 743 1730 808 Verum
1787 742 1969 808 aliter
2023 745 2395 829 provenisse
2446 745 2880 809 manifestum

621 839 734 895 est.
850 827 1015 892 Nam
1090 837 1349 915 captum
1413 850 1570 893 mox
1641 829 1709 891 in
1772 826 2035 891 vincula
2096 828 2409 893 coniecit‘¹
2460 850 2545 892 ac
2610 829 2877 894 annuali

622 913 862 982 carceri
905 913 1296 999 mancipavit
1312 913 1359 976 d.
1459 911 1650 977 Unde
1694 933 1843 976 cum
1886 934 1927 974 a
1970 912 2256 996 cognatis
2316 920 2380 975 et
2421 913 2671 977 amicis
2718 914 2875 976 meis

618 996 754 1060 indi
887 995 1102 1061 ntibus
1119 1009 1145 1038 ‘²
1165 1018 1327 1060 -sese
1368 995 1805 1081 impetendum
1849 994 2224 1077 adverteret,
2266 993 2645 1060 libertatem
2666 1009 2693 1038 θ
2740 1019 2875 1083 spo-

669 1103 750 1145 on
795 1082 848 1144 it
863 1080 886 1122 f
956 1081 1012 1144 si
1063 1079 1450 1144 Laudunum
1501 1081 1828 1164 acciperet
1842 1078 1877 1143 f.
1965 1078 2111 1143 Hoc
2183 1088 2427 1143 tantum
2488 1079 2872 1158 claudebar,

665 1187 742 1229 oc
809 1129 942 1228 solo
1010 1186 1158 1228 cum
1221 1185 1422 1227 uxore
1487 1174 1551 1229 et
1612 1164 1777 1228 natis
1831 1163 1961 1227 reci
2008 1162 2206 1227 iebar.
2309 1163 2482 1244 Quid
2534 1163 2874 1229 facerem?

625 1247 852 1314 Castro
896 1249 1095 1313 vitam
1139 1248 1460 1333 preposui.
1548 1247 1675 1311 Pro
1721 1255 1929 1311 castro
2000 1247 2329 1311 ‘bertatem
2369 1249 2604 1312 merui.
2678 1249 2771 1312 Et
2798 1270 2869 1312 en

624 1331 922 1397 omnibus
984 1333 1306 1418 privatuS,
1373 1331 1660 1395 omnium
1718 1352 1909 1428 opem
1973 1329 2285 1415 deposco!
2374 1331 2540 1396 *His
2612 1333 2675 1396 si
2742 1333 2868 1396 dux

625 1417 939 1481 contraire
970 1415 1221 1497 audeat,
1243 1416 1427 1479 nobis
1457 1424 1707 1479 tantum
1737 1412 2141 1498 smgulariter
2169 1415 2735 1499 congrediendum
2758 1417 2863 1480 sit'.

1045 1519 1144 1581 74.
1215 1517 1439 1582 Oratio
1461 1528 1490 1570 g
1533 1515 1871 1582 Rotbertig
1920 1537 2037 1601 pro
2080 1515 2431 1584 LudovicO.

793 1618 1086 1698 Quibus¹¹
1149 1618 1366 1703 palam
1407 1617 1830 1717 promulgatis
1846 1667 1861 1698 ‚
1927 1617 2269 1683 Rotbertus
2327 1617 2859 1716 metropolitanus

623 1702 965 1767 subinfert:
1012 1701 1391 1783 ‘Quoniam’,
1420 1703 1734 1788 inquiens,
1780 1701 2016 1764 ‘domni
2044 1710 2237 1788 atque
2268 1703 2673 1766 serenisslmi
2702 1703 2861 1786 regis

623 1787 776 1850 satis
819 1784 1100 1850 breviter
1141 1806 1219 1849 ac
1262 1783 1540 1850 dilucide
1584 1785 1917 1870 digestam,
1963 1786 2221 1883 optime,
2265 1795 2336 1850 ut
2371 1785 2680 1869 arbitror,
2726 1807 2856 1849 con-

623 1870 1021 1956 questionem
1064 1869 1487 1955 percepimus,
1536 1877 1929 1955 consequens
1970 1868 2239 1952 Videtur,
2286 1879 2358 1934 ut
2399 1871 2539 1934 eius
2582 1892 2857 1950 causam,

620 1955 690 2017 in
733 1963 1041 2040 quantum
1083 1952 1180 2017 fas
1226 1962 1338 2034 est,
1399 1953 1913 2018 determinemus.
2013 1952 2172 2016 Dux
2225 1975 2377 2038 ergo
2436 1955 2597 2039 quia
2656 1953 2857 2018 omnia

619 2060 785 2124 pene
838 2039 1021 2122 regni
1073 2039 1214 2102 iura
1271 2037 1341 2099 in
1382 2060 1520 2102 sese
1563 2035 1921 2118 transfudit,
1982 2037 2039 2100 ei
2086 2059 2166 2101 ue
2208 2035 2453 2101 viribus
2496 2039 2697 2103 reniti
2738 2059 2856 2100 non

618 2121 926 2202 valemuS,
982 2123 1196 2186 mitius
1258 2120 1379 2185 hoc
1436 2119 1944 2206 attemptandum
2001 2142 2074 2184 ar
2118 2121 2291 2201 itror,
2348 2130 2420 2185 ut
2475 2123 2594 2220 qui
2652 2123 2854 2186 Deum

617 2227 748 2270 non
789 2206 1014 2269 metuit
1068 2216 1132 2271 et
1187 2203 1511 2269 hominem
1562 2227 1691 2268 non
1747 2213 2088 2285 reveretur,
2141 2204 2343 2269 multa
2391 2214 2647 2270 ratione
2706 2203 2851 2268 mul-

617 2300 809 2375 taque
853 2311 1066 2353 rerum
1119 2288 1621 2354 consideratione
1676 2287 1759 2352 ad
1813 2309 2103 2352 normam
2147 2289 2290 2352 Deo
2347 2290 2618 2355 iuvante
2678 2288 2850 2353 redu-

618 2382 817 2439 catur.
927 2374 1134 2458 Igitur
1195 2374 1378 2436 iuxta
1429 2382 1685 2458 patrum
1744 2371 2001 2436 decreta
2059 2381 2122 2436 et
2184 2393 2502 2437 canonum
2570 2373 2847 2458 regulam

615 2458 910 2543 inprimis
955 2456 1039 2520 ad
1080 2455 1579 2521 satisfactionem
1616 2455 1893 2520 fraterne
1937 2455 2315 2520 monendusi
2376 2467 2472 2521 est
2513 2457 2847 2542 verbisque

617 2543 918 2606 suasoriis
983 2539 1068 2603 ad
1130 2539 1198 2603 id
1263 2539 1729 2604 modestissime
1792 2538 2249 2604 revocandusk.
2352 2541 2547 2621 Quod
2603 2543 2661 2606 si
2714 2546 2847 2625 post

616 2623 920 2689 blandam
985 2624 1409 2688 revocationis
1463 2623 1986 2686 ammonitionem
2048 2625 2453 2708 resipiscere¹
2505 2624 2779 2690 noluerit
2790 2634 2843 2700 ¹¹¹,

618 2709 904 2771 omnium
968 2705 1368 2771 anathemate
1431 2706 1726 2788 feriatur3
1792 2705 1915 2770 hoc
1955 2706 2263 2771 habentes
2316 2709 2625 2794 presidio,
2687 2703 2844 2794 quod

615 2791 748 2855 iam
805 2812 844 2853 a
901 2788 1136 2853 domno
1195 2811 1371 2875 papa
1432 2799 1755 2854 correctus
1814 2791 1897 2854 sit
1950 2791 2289 2877 iussusque
2346 2815 2386 2856 a
2443 2793 2694 2858 domini
2756 2787 2843 2853 sui

619 2874 1040 2940 insectatione
1086 2873 1446 2959 quiescere'.

926 2975 1025 3038 75.
1092 2975 1492 3060 Responsion
1534 2976 1815 3039 Marinin
1855 2974 2048 3060 legati
2092 2989 2255 3061 pro¹¹
2300 2978 2547 3044 eodem.

786 3075 1001 3162 Atque
1042 3075 1142 3139 his
1185 3075 1456 3140 domnus
1497 3077 1785 3142 Marinus
1830 3078 2191 3143 subiunxit:
2263 3079 2717 3161 ‘Reminiscor',
2757 3078 2836 3139 in-

618 3159 862 3247 quienS,
909 3160 1233 3224 ‘domnum
1275 3181 1514 3246 papam
1559 3172 1705 3225 ante
1748 3161 1917 3225 hunc
1962 3183 2199 3225 annum
2242 3163 2585 3230 anathema
2611 3166 2679 3228 in
2704 3180 2833 3226 reos

616 3245 887 3327 misisse,
934 3245 1044 3330 qui
1086 3243 1256 3308 hunc
1299 3242 1632 3308 dominum
1676 3255 1740 3310 et
1777 3267 1997 3330 regem
2026 3246 2421 3314 Francorum
2450 3246 2832 3313 insectaban-

614 3337 752 3411 tur3
814 3326 1151 3415 epistolam
1210 3350 1334 3413 quo
1381 3351 1462 3392 ue
1519 3330 1891 3412 suasoriam,
1942 3339 2015 3394 ut
2070 3329 2154 3393 ab
2210 3352 2285 3395 eo
2342 3354 2473 3396 non
2530 3331 2828 3406 deficiant,

614 3414 798 3478 bonis
843 3411 1237 3500 quibuslibet
1273 3412 1354 3476 de
1379 3423 1652 3511 egatam,
1696 3422 1888 3498 atque
1932 3415 2453 3499 conquestionem
2489 3417 2570 3481 de
2620 3412 2830 3480 eadem
2886 3473 2890 3480 .

613 3519 683 3560 re
725 3495 950 3562 litteris
993 3518 1367 3582 expressam
1409 3497 1488 3559 ils
1536 3494 1768 3583 quibus
1813 3497 2027 3561 sanior
2068 3519 2250 3562 mens
2295 3509 2431 3564 erat
2486 3499 2825 3584 delegatam

613 3581 828 3644 fuisse.
916 3579 1107 3646 Unde
1151 3589 1215 3646 et
1258 3581 1486 3666 opinor
1525 3581 1870 3644 iustissime
1916 3580 2178 3664 dictum,
2224 3604 2370 3646 cum
2413 3595 2562 3650 ante
2604 3605 2644 3646 a
2670 3596 2825 3668 papa

611 3673 880 3728 vocatus
922 3674 1112 3750 atque
1169 3673 1490 3728 correctus
1549 3666 1631 3729 sit
1649 3677 1689 3747 ¹,
1752 3686 1923 3729 nunc
1985 3687 2237 3751 quoque
2296 3669 2576 3734 caritatis
2638 3661 2828 3752 gratia

610 3746 1009 3816 revocandus
1061 3758 1158 3813 est
1199 3757 1262 3813 et
1289 3745 1775 3832 diligentissima
1804 3750 2116 3833 suasione,
2159 3760 2231 3815 ut
2258 3773 2297 3815 a
2327 3751 2511 3817 malis
2542 3751 2822 3838 quiescat,

730 3889 775 3943 a)
807 3903 893 3942 per
922 3901 1097 3932 annum
1127 3891 1228 3932 add.
1264 3893 1304 3930 1.
1422 3888 1471 3943 b)
1505 3891 1621 3933 duos
1652 3893 1752 3933 add.
1775 3896 1817 3936 1.
1940 3891 1981 3944 c)
2008 3900 2111 3944 poet
2140 3896 2241 3938 add.
2363 3894 2410 3949 d)
2444 3897 2614 3937 conicit
2640 3914 2689 3924 -
2714 3896 2825 3929 ΜΠ·

611 3949 736 4000 eipat
767 3954 810 3992 1.
945 3948 991 4002 e)
1035 3949 1235 3990 reditum
1267 3951 1311 4001 1,
1356 3961 1472 3992 corr.
1508 3953 1549 3991 2.
1686 3950 1722 4004 f)
1764 3953 1963 4003 spondet
2004 3975 2057 3984 —
2100 3955 2300 4004 accipiat
2332 3957 2372 3994 1.
2506 3954 2553 4007 g)
2597 3954 2672 4005 Or,
2712 3943 2817 3988 berti

609 4009 722 4052 abeo.
873 4007 922 4060 h)
963 4009 1092 4048 codam
1129 4009 1218 4048 alio
1249 4013 1504 4058 atramento,
1532 4009 1733 4060 sor-taceo
1774 4013 1865 4052 alia
1900 4013 2044 4062 pergit
2074 4024 2209 4053 manu
2240 4013 2570 4068 (amanuensis).
2692 4006 2725 4059 i)
2753 4012 2819 4044 7⁰·

611 4068 788 4108 candus
821 4069 862 4108 1.
1011 4065 1062 4118 k)
1095 4068 1382 4108 revocandos
1415 4070 1457 4109 1.
1593 4067 1628 4121 l)
1658 4071 1941 4122 resipescere
1977 4073 2018 4112 1.
2168 4069 2233 4124 m)
2267 4075 2405 4114 tertia
2435 4073 2571 4115 huius
2589 4067 2733 4113 sinodi
2752 4061 2818 4102 die

609 4127 711 4166 aad.
746 4128 786 4168 1.
909 4122 958 4176 n)
991 4125 1101 4178 Res,
1131 4126 1221 4179 Ma,
1253 4137 1337 4177 pro
1370 4139 1426 4169 eo
1457 4127 1572 4168 abac.

762 4220 815 4284 1)
858 4235 936 4271 sc.
975 4220 1154 4286 Euge.
