3059 4834
599 260 667 308 96
1075 255 1379 307 RICHERI
1416 254 1926 306 HISTORIARUM
1963 253 2187 306 LIBER
2224 254 2330 305 111.

474 445 576 488 su.
594 426 828 491 futura.
881 423 1095 504 Quam
1118 423 1310 486 etiam
1321 430 1570 487 vestrae
1593 420 1889 506 dignitati
1908 420 2320 485 indicandam
2341 421 2614 486 arbitror
2632 428 2840 506 atque

592 507 1035 574 roborandam.
1123 504 1291 570 Ante
1344 528 1414 570 se
1460 515 1591 570 tem
1643 505 1958 569 mensium
2021 504 2178 590 dies,
2228 513 2300 570 ut
2340 505 2526 570 vobis
2571 524 2838 589 quoque

593 592 995 658 notissimum
1040 599 1166 671 est,
1221 590 1291 652 in
1330 589 1432 653 Ita
1459 590 1586 652 ‘am
1650 589 1933 653 concessi
1986 589 2388 675 Romamque
2429 588 2661 653 deveni
2676 635 2692 668 ,
2749 608 2836 652 ac

595 677 811 741 domni
855 684 919 740 et
958 672 1296 760 apostolici
1337 673 1461 737 viri
1488 671 1792 737 Iohannis
1836 670 2150 758 colloquio
2195 671 2510 771 simulque
2553 681 2616 736 et
2648 671 2834 737 beni-

593 758 873 824 volentia
922 756 1413 821 familiarissime
1456 778 1629 837 usus,
1684 757 1768 822 ab
1813 777 1889 820 eo
1934 767 2170 843 petere,
2215 757 2271 820 si
2315 756 2471 842 quid
2514 763 2830 843 optarem,

595 843 870 908 monitus
913 864 1073 906 sum.
1139 841 1469 926 Ratusque
1510 840 1879 926 petendum,
1924 850 1995 905 ut
2035 850 2179 904 res⁸
2223 839 2442 904 domni
2469 861 2547 902 ac
2573 839 2831 924 patroni

592 929 792 992 nostri
832 926 1019 992 Remi
1066 925 1112 988 ii
1168 944 1321 989 suae
1364 924 1761 990 auctoritatis
1813 922 2150 1010 privilegio
2207 934 2430 988 contra
2472 921 2828 1009 quoslibetb

592 1013 875 1078 tirannos
930 1019 1027 1074 sta
1072 1007 1238 1074 iliret
1309 1016 1375 1072 et
1430 1006 1755 1072 abbatiam
1813 1008 2016 1072 sancti
2083 1008 2404 1072 Timothei
2459 1007 2734 1071 martiris
2791 1029 2831 1072 a

592 1119 695 1160 me
739 1093 952 1160 datam
995 1090 1120 1156 illis
1161 1093 1387 1172 uniret,
1430 1091 1500 1156 id
1541 1091 1785 1178 absque
1814 1090 2238 1176 refragatione
2269 1090 2534 1156 obtinui.
2608 1090 2829 1176 Scrip-

593 1180 676 1245 sit
717 1200 869 1265 ergo
912 1198 989 1243 ac
1031 1197 1247 1240 coram
1290 1176 1610 1276 episcopis
1651 1196 1918 1239 numero
1967 1177 2046 1238 12
2088 1175 2341 1240 recitari
2383 1175 2571 1239 iussit
2606 1175 2829 1260 eisque

592 1261 1024 1328 roborandum
1082 1268 1387 1345 porrexit.
1487 1261 1681 1340 Quod
1739 1269 1803 1324 et
1861 1258 2078 1324 domni
2142 1280 2352 1345 papae
2417 1257 2608 1344 sigilli
2669 1269 2832 1323 nota

356 1363 437 1416 ·p.
471 1365 571 1409 615.
590 1346 981 1433 insignitum,
1023 1342 1208 1409 vobis
1251 1365 1504 1430 quoque
1547 1342 1979 1409 roborandum
2012 1341 2248 1425 *attuli,
2293 1349 2365 1406 ut
2404 1341 2830 1428 plurimorum

590 1433 967 1496 auctoritate
1010 1427 1377 1507 subnixum,
1419 1425 1737 1491 nullorum
1781 1426 2250 1491 machinatione
2294 1424 2545 1512 quando
2594 1447 2672 1489 ue
2714 1447 2830 1489 va-

590 1514 717 1580 leat
759 1511 1041 1579 dissolvi.
1112 1509 1302 1575 Unde
1346 1520 1411 1575 et
1451 1531 1491 1572 a
1518 1509 1702 1575 vobis
1731 1509 1905 1574 idem
1933 1510 2259 1576 roborari⁰
2287 1508 2473 1574 volo’.
2595 1509 2832 1574 inodus

592 1598 786 1661 dixit:
848 1594 1260 1660 ‘Roboretur'.
1318 1592 1646 1657 Prolatum
1687 1595 1886 1679 igitur
1926 1615 1966 1656 a
2007 1592 2512 1679 metropolitam,
2569 1595 2636 1656 in
2679 1615 2832 1656 eon-

593 1678 737 1745 cilio
795 1679 1129 1742 recitatum
1184 1685 1279 1740 est
1336 1677 1557 1761 eisque
1613 1687 1980 1762 porrectum
2035 1686 2097 1743 et
2153 1676 2237 1742 ab
2295 1698 2515 1742 eorum
2559 1675 2832 1762 singulis

594 1785 787 1828 manu
843 1762 1145 1848 imposita
1205 1759 1578 1826 roboratum
1596 1773 1639 1824 ¹.
1739 1761 1933 1842 Quod
1987 1763 2180 1826 etiam
2237 1783 2277 1825 a
2326 1760 2659 1825 monachis
2713 1761 2834 1846 qui

591 1846 685 1912 ibi
726 1845 992 1911 aderant
1033 1852 1394 1929 exceptum,
1438 1844 1700 1909 archivo
1745 1846 2110 1910 monasterii
2151 1842 2421 1911 relatum
2463 1854 2579 1909 est.

594 1967 694 2032 31.
758 1965 1199 2052 Conquestio‘¹
1252 1963 1761 2050 metropolitani‘¹
1805 1964 1885 2029 de
1929 1964 2425 2029 monachorum(¹
2481 1964 2832 2049 religioned

1231 2049 1625 2134 (rituumque
1639 2051 1666 2091 ὓ
1711 2049 2102 2113 correctione
2115 2049 2191 2133 ἃ).

758 2152 935 2216 Inter
976 2151 1095 2215 hec
1138 2173 1264 2236 quo
1312 2172 1393 2214 ue
1438 2159 1501 2215 et
1541 2149 1668 2214 alia
1709 2149 1888 2214 utilia
1973 2172 2094 2215 uae
2137 2150 2228 2216 ibi
2287 2151 2626 2214 constituta
2683 2162 2836 2216 sunt

595 2235 673 2300 de
718 2235 1181 2300 monachorum
1224 2257 1292 2300 re
1318 2235 1533 2320 igione
1578 2255 1617 2297 a
1658 2243 1946 2319 metropo
1972 2235 2142 2299 itano
2187 2243 2404 2300 motu0
2446 2234 2830 2319 gravissimo

595 2320 965 2405 conquestio
1023 2319 1244 2384 habita
1286 2327 1408 2400 est,
1466 2339 1542 2383 eo
1598 2319 1772 2404 quod
1813 2319 1972 2382 ritus
2015 2339 2056 2382 a
2098 2317 2444 2383 maioribus
2503 2318 2831 2382 constituti

594 2426 633 2468 a
675 2402 1060 2489 quibusdam
1105 2402 1434 2488 depravati
1478 2411 1543 2467 et
1584 2403 1905 2466 immutati
1931 2401 2319 2466 viderentur.
2393 2400 2584 2466 Unde
2614 2411 2678 2466 et
2706 2400 2829 2465 sub

594 2488 1044 2574 episcoporum
1084 2487 1407 2572 presentia
1446 2485 1529 2550 ab
1562 2486 1788 2550 eodem
1818 2486 2143 2550 decretum
2173 2495 2288 2566 est,
2331 2494 2403 2549 ut
2431 2485 2832 2550 diversorum

593 2569 880 2635 locorum
950 2569 1215 2636 abbates
1283 2570 1695 2634 convenirent
1749 2578 1811 2634 et
1867 2568 2016 2634 inde
2075 2567 2346 2634 utiliterf
2407 2569 2830 2634 consulerent.

596 2654 932 2740 Huiusque
974 2653 1305 2718 habendae
1358 2653 1619 2717 rationis
1662 2662 1916 2739 tempus
1960 2663 2024 2720 et
2063 2651 2242 2717 locus
2285 2674 2442 2716 mox
2485 2653 2834 2718 constituta

597 2747 761 2820 sunt,
805 2749 870 2802 et
912 2740 1003 2801 sic
1048 2736 1308 2802 sinodus
1354 2735 1563 2800 soluta
1605 2744 1717 2800 est.

778 2855 881 2920 32.
967 2856 1157 2937 Quod
1200 2854 1399 2922 abbas
1441 2853 1759 2919 Rodulfus
1801 2853 2108 2921 abbatum
2150 2857 2391 2942 primas
2433 2856 2641 2921 fuerit.

762 2959 1014 3022 Interea
1055 2967 1309 3043 tempus
1352 2957 1629 3021 advenit.
1702 2956 1987 3022 Abbates
2039 2979 2294 3044 quoque
2337 2980 2421 3023 ex
2463 2957 2715 3022 diverso
2760 2959 2834 3020 in

596 3063 793 3105 unum
837 3040 1083 3106 collecti
1124 3051 1290 3105 sunt.
1365 3040 1658 3121 Quorum
1747 3042 2044 3127 recipuus
2086 3051 2151 3106 et
2223 3043 2416 3106 rimas
2446 3043 2833 3106 constitutus

598 3135 694 3190 est
734 3127 837 3189 vir
878 3124 1063 3190 divae
1106 3125 1451 3189 memoriae
1477 3063 1808 3207 Rodulfus,
1854 3146 1938 3189 ex
1976 3146 2176 3190 coeno
2224 3127 2286 3189 io
2316 3126 2520 3190 sancti
2547 3125 2732 3190 Remi
2786 3125 2834 3188 ‘i

598 3209 818 3275 abbaS.
893 3209 1039 3290 Quo
1084 3209 1446 3295 presidente
1490 3217 1554 3272 et
1593 3206 1954 3293 prelaturae
1999 3209 2374 3295 dignitatem
2403 3219 2674 3289 tenente,
2718 3147 2834 3272 ffi

601 3295 843 3358 circum
899 3293 1196 3380 dispositi
1248 3303 1413 3357 sunt.
1500 3290 2028 3377 Metropolitanus
2049 3304 2078 3347 8
2120 3315 2274 3358 vero
2319 3314 2403 3356 ex
2445 3292 2715 3357 adverso
2757 3293 2834 3356 in

598 3377 940 3444 cliotedro³
985 3377 1238 3442 resedit.
1312 3376 1442 3457 Qui
1484 3376 1776 3461 primatis
1819 3373 2216 3462 aliorumque
2246 3377 2543 3462 patrum¹¹
2572 3376 2836 3441 hortatu

598 3463 1029 3544 concionatuS,
1073 3462 1165 3524 sic
1209 3458 1578 3547 prelocutus
1621 3468 1745 3524 est:

725 3581 827 3644 33.
912 3578 1342 3645 Praelocutioi
1384 3579 1887 3666 metropolitanii
1927 3579 1997 3642 in
2041 3578 2296 3642 sinodoi
2339 3579 2644 3645 abbatum
2657 3577 2695 3646 ί.

767 3681 1095 3766 ‘Magnum
1139 3692 1253 3764 est,
1296 3691 1518 3781 patres
1562 3682 1963 3762 sanctissimi,
2021 3679 2225 3745 bonos
2269 3702 2428 3766 quos
2476 3703 2557 3746 ue
2601 3701 2836 3745 conve-

598 3764 753 3849 nire,
813 3766 866 3828 si
918 3765 1195 3831 fructum
1249 3767 1499 3830 v1rtutis
1555 3787 1857 3850 quaerere
1915 3761 2259 3829 elaborent.
2346 3765 2423 3828 In
2472 3787 2506 3830 e
2551 3764 2723 3829 enim
2765 3773 2838 3829 et

717 3949 767 4001 ι.)
798 3958 957 3988 omnes
987 3957 1061 3988 res
1092 3947 1286 3989 mobiles
1326 3946 1546 3988 videlicet
1575 3949 1712 3996 atque
1743 3945 1992 3986 Inmobiies
2026 3946 2068 3986 1.
2201 3943 2249 3997 b)
2280 3947 2314 3988 t.
2347 3957 2392 3995 q.
2429 3947 2468 3987 1.
2590 3943 2633 3996 c)
2675 3944 2841 3984 robori

600 4017 713 4047 corr.
746 4006 955 4047 roborari
984 4016 1021 4049 ο.
1153 4003 1199 4056 d)
1244 4005 1377 4057 estio,
1410 4006 1539 4057 olita,
1572 4015 1676 4058 ona,
1709 4005 1835 4057 eligi,
1862 4006 1944 4055 itu,
1977 4004 2129 4045 ctione
2160 4004 2301 4054 ubam
2332 4014 2502 4053 umque
2534 4014 2665 4044 corre
2695 4003 2841 4043 deleta

598 4065 812 4110 videntur.
959 4063 1004 4116 e)
1030 4069 1132 4114 poet
1161 4065 1262 4108 aad.
1409 4060 1446 4113 f)
1479 4064 1682 4106 fideliter
1715 4064 1754 4104 1.
1893 4060 1939 4114 g)
1973 4073 2060 4102 nus
2085 4067 2188 4112 poet
2215 4063 2316 4102 aad.
2452 4061 2501 4114 h)
2533 4061 2756 4102 abbatum
2795 4065 2841 4102 1.

599 4121 634 4176 i)
664 4125 772 4176 cuti,
805 4124 1045 4176 cpolitani,
1078 4124 1150 4177 do,
1182 4134 1261 4164 um
1286 4123 1400 4163 absc.

751 4233 807 4302 1)
845 4237 912 4288 V.
950 4237 1089 4288 Acta
1124 4236 1162 4286 1.
1200 4236 1238 4287 l.
1388 4234 1448 4303 2)
1488 4235 1637 4288 Sella
1673 4234 1924 4304 plectilis,
1961 4235 2310 4289 faldistolium
2348 4231 2674 4302 (‘fautcnil').
