3059 4834
23 0 45 337 r-wr-ss—··‘

760 209 1064 263 RICHERI
1102 212 1605 265 HISTORIARUM
1632 214 1863 267 'LIBER
1900 216 2033 267 1111.
2406 218 2509 269 167

293 374 736 440 contendebat.
825 375 1231 464 Collectoque
1287 379 1587 455 exercitU‚
1646 383 1714 445 in
1767 382 2190 447 Brittanniam
2240 404 2507 470 preceps
2524 403 2624 448 ⁹92.

271 458 492 529 ‚fertur
533 458 926 546 Namtasque
947 474 969 507 1
1013 464 1274 548 appetit.
1362 463 1563 528 Cuius
1608 466 1901 530 custodes
1954 466 2111 530 alios
2168 488 2322 531 auro
2374 489 2508 532 cor-

291 544 486 628 rupit,
533 542 724 607 *alios
771 544 1152 628 quibusdam
1194 544 1748 632 pollicitationibus
1788 549 2007 615 illexit.
2091 550 2207 615 Eis
2258 573 2509 637 quoque
2526 576 2543 595 *
2559 579 2640 621 fol.
2674 578 2765 621 ω’.

293 650 497 713 usque
539 627 623 691 ad
665 628 960 693 effectum
1004 630 1229 713 suasit,
1286 653 1411 717 quo
1455 631 1576 696 sibi
1622 633 2085 715 satisfacerent,
2144 644 2214 699 ut
2268 634 2510 700 scilicet

292 712 470 777 urbis
526 712 853 776 introitum
903 713 1270 798 panderent.
1365 715 1495 796 Qui
1555 717 1752 799 suasi,
1810 728 2200 783 sacramento
2253 727 2507 803 tempus

294 798 701 862 constituunt.
785 796 919 861 Nec
960 796 1157 862 multo
1247 807 1344 862 ost
1385 808 1447 863 et
1485 800 1555 863 in
1581 802 1805 866 urbem
1832 802 2192 865 admittunt.
2261 802 2509 886 Ingres-

294 903 532 966 susque
573 879 865 966 pervadit
908 891 970 946 et
1011 905 1051 945 a
1093 882 1215 946 civi
1261 904 1335 945 us
1377 884 1512 947 iure
1552 887 1929 949 sacramenti
1958 885 2210 950 obsides
2240 886 2505 971 accepit.

292 964 530 1029 Arcem
573 963 772 1028 solam
813 987 896 1029 ex
943 988 1182 1050 ugnare
1223 988 1352 1029 non
1392 967 1612 1051 valuit,
1657 990 1732 1034 eo
1777 969 1948 1054 quod
1990 968 2217 1034 milites
2252 990 2509 1054 magna

293 1050 502 1113 nimos
546 1047 827 1116 haberet.
977 1048 1101 1115 nde
1154 1061 1216 1115 et
1272 1052 1488 1134 cessit,
1544 1074 1680 1117 sese
1736 1052 2034 1117 recedere
2088 1052 2445 1117 deliberans
2462 1064 2507 1135 ³,

293 1144 365 1198 ut
408 1133 611 1219 copiis
655 1131 1068 1217 amplioribus
1122 1155 1575 1219 congressurus
1629 1137 1864 1201 rediret
1915 1157 2252 1222 arcemque
2316 1158 2510 1222 expu-

291 1226 540 1302 gnaret.
603 1217 762 1301 (82.)
809 1216 1106 1281 Conanus
1126 1218 1194 1281 in
1215 1219 1632 1284 exterioribus
1653 1220 2044 1285 Brittanniae
2110 1220 2371 1303 artibus,
2400 1221 2511 1306 qui

291 1302 474 1368 locus
516 1300 878 1365 Bruerech²
936 1301 1199 1384 dicitur,
1255 1302 1334 1366 de
1391 1302 1583 1368 rebus
1638 1303 1879 1369 bellicis
1936 1243 2109 1391 apud
2166 1326 2313 1368 suos
2371 1326 2510 1389 per-

290 1387 628 1466 tractabat,
681 1405 827 1447 cum
871 1385 955 1449 ad
1011 1386 1145 1449 eius
1200 1406 1384 1450 aures
1441 1386 1600 1453 haec
1652 1387 1859 1452 delata
1914 1398 2079 1452 sunt.
2175 1388 2511 1473 Magisque

289 1479 519 1555 coepto
575 1470 830 1553 negotio
897 1470 1224 1551 insistens,
1290 1473 1641 1535 exercitum
1696 1474 2085 1558 congregatb
2148 1471 2384 1537 bellum
2430 1494 2511 1535 ue

291 1556 430 1619 fieri
474 1562 674 1639 parat.
747 1553 907 1617 *Et0
937 1554 1240 1639 quoniam
1271 1553 1587 1618 obsidioni
1613 1556 1977 1619 instandum
2009 1564 2261 1641 tempus
2292 1578 2405 1619 sua
2452 1577 2512 1619 e·
2530 1575 2646 1621 *fot
2676 1576 2747 1619 53.

289 1639 419 1720 bat,
467 1635 804 1701 collectum
820 1638 848 1678 ‘¹
878 1639 1228 1702 exercitum
1269 1638 1415 1704 urbi
1442 1638 1689 1703 inducit
1731 1640 1914 1724 eique
1956 1639 2074 1702 ade
2104 1662 2302 1703 unum
2348 1638 2511 1702 latus

292 1722 688 1787 obsidionem
729 1743 846 1806 per
871 1731 1104 1785 terram
1136 1720 1404 1786 ordinat.
1475 1722 1581 1786 Ad
1614 1722 1877 1787 alterum
1905 1745 2057 1787 vero
2086 1746 2202 1809 per
2228 1723 2513 1807 Ligerim

295 1805 526 1869 classes
545 1804 903 1903 piratarum
933 1804 1195 1869 adhibet
1209 1806 1244 1868 f.
1313 1802 1613 1891 Undique
1644 1829 1796 1890 ergo
1826 1807 2155 1872 obsidione
2185 1807 2513 1892 disposita,

297 1912 340 1953 a
379 1890 594 1973 piratls
637 1910 754 1973 per
794 1887 1078 1969 fluvium,
1121 1911 1160 1953 a
1198 1889 1547 1953 Brittannis
1589 1912 1705 1975 per
1746 1900 1977 1954 terram
2020 1890 2247 1954 urbani
2260 1902 2289 1961 8
2327 1888 2514 1953 vehe-

297 1982 539 2037 menter
599 1980 920 2055 urgentur.
1004 1972 1142 2036 Nec
1198 1975 1406 2036 minus
1461 1973 1570 2058 qui
1623 1974 1691 2036 in
1742 1994 1885 2037 arce
1942 1983 2377 2036 remanserant
2430 1994 2471 2035 a
2486 1982 2512 2013 ³

269 2055 724 2141 superioribus
752 2053 1100 2119 iaculorum
1130 2056 1382 2121 diversa
1409 2077 1647 2141 genera
1674 2057 2159 2154 precipitabant.
2237 2052 2512 2140 Parique

289 2140 754 2227 inpugnatione
796 2139 1191 2287 sulperiorum
1244 2150 1432 2225 atque
1483 2140 1851 2204 mferiorum
1911 2162 2022 2239 qui
2081 2139 2277 2203 medii
2334 2148 2514 2203 erant

288 2225 694 2291 vexabantur
707 2224 756 2286 ¹¹.
914 2245 1018 2287 am
1072 2225 1183 2308 qui
1233 2225 1300 2287 in
1351 2245 1497 2289 arce
1555 2233 1617 2288 et
1672 2225 1740 2287 in
1800 2223 2129 2287 obsldione
2191 2222 2514 2287 certabant

292 2308 542 2375 Conani
584 2316 797 2393 partes
839 2308 1197 2372 tuebantur.
1268 2306 1516 2372 Urbani
1544 2330 1694 2373 vero
1740 2308 1885 2406 proi
1914 2306 2217 2372 Fulconis
2246 2306 2513 2371 victoria

291 2415 557 2492 operam
601 2392 854 2456 dabant.
947 2391 1121 2455 *Nec
1177 2393 1384 2455 minus
1413 2391 1614 2455 Fulco
1661 2413 1875 2477 copias
1917 2391 2186 2477 parabat
2228 2402 2291 2455 et
2336 2411 2511 2453 exer·
2534 2412 2647 2455 ποι.
2684 2412 2771 2456 ⁵2¹.

291 2488 494 2542 cltum
535 2486 666 2539 tam
709 2475 789 2539 de
833 2475 963 2539 suis
1007 2497 1197 2560 quam
1243 2476 1653 2540 conducticiis
1697 2476 2143 2560 congregabat.
2228 2472 2511 2537 Auditok
2534 2474 2705 2514 ⁰⁰¹¹t111·

290 2559 830 2709 {erptaConanurlrlif
852 2558 1040 2708 ¹²{bik
1084 2558 1479 2625 obsidionem
1517 2557 1947 2642 adhibuissek,
1991 2560 2168 2623 moxl
2198 2558 2512 2643 legionem

353 2669 409 2708 r1
502 2664 688 2708 nmae
729 2666 752 2706 1
823 2665 891 2707 er
922 2690 937 2705 .

870 2786 969 2851 83.
1054 2784 1313 2850 Dolusm
1354 2784 1625 2851 Fulconi
1676 2795 1955 2871 paratus.

463 2888 622 2955 Erat
684 2910 944 2974 campus
1002 2898 1169 2952 nona
1222 2887 1444 2954 valde³
1503 2888 1796 2974 procula,
1855 2884 2247 2972 longitudine
2304 2885 2401 2948 sui
2456 2892 2519 2947 et

274 2972 629 3038 latitudine
688 2983 940 3055 vastus,
991 2972 1297 3037 filicetum
1355 2972 1423 3035 in
1481 2995 1549 3037 se
1603 2974 1956 3036 maximum
2020 2969 2279 3034 habens.
2390 2966 2518 3030 Hic

297 3058 600 3123 Gonanus
620 3070 648 3099 ¹¹
689 3057 902 3121 locum
943 3057 1209 3141 gerendi
1248 3055 1399 3121 belli
1443 3058 1863 3138 constituens,
1919 3054 2296 3118 insidiarum
2339 3050 2517 3115 dolos

295 3140 541 3206 infodit.
626 3141 793 3205 Nam
833 3142 1038 3205 fossas
1097 3162 1289 3227 quam
1331 3139 1545 3225 plures
1586 3141 1679 3205 ibi
1732 3142 2092 3224 inmergens
2107 3188 2122 3219 ,
2178 3138 2410 3222 virgis⁰
2456 3144 2519 3199 et

294 3225 641 3290 viminibus
697 3224 1072 3311 stipulisque
1130 3246 1351 3289 earum
1403 3224 1614 3287 hiatus
1670 3224 1945 3308 desuper
2002 3222 2281 3306 operuit,
2346 3220 2517 3282 intus

298 3308 570 3373 surculis
631 3306 857 3373 defixis
869 3321 914 3389 Ρ,
974 3310 1084 3393 qui
1142 3309 1470 3392 superiora
1527 3308 1963 3371 continerent‘l
2019 3314 2081 3368 et
2134 3302 2517 3367 soliditatem

276 3392 659 3479 'superficiei
703 3391 1084 3456 simularent.
1169 3392 1257 3455 Et
1308 3400 1416 3454 utr
1477 3390 1773 3454 simulata
1834 3388 2201 3488 superficies
2264 3386 2516 3471 penitus

295 3476 540 3623 laffiret,
581 3474 814 3540 filicem
857 3475 1182 3540 collectam
1226 3474 1500 3560 desuper
1542 3474 1843 3560 respersit
1892 3471 2284 3555 msidiasque
2337 3468 2517 3533 dissi-

296 3582 366 3623 m
435 3562 584 3625 avit.

421 3751 466 3803 a)
492 3756 593 3801 post
607 3752 706 3795 add.
823 3748 871 3801 b)
903 3753 1038 3801 parat
1065 3759 1278 3799 ευμεν-εον.
1311 3752 1575 3799 congregat.
1694 3746 1735 3800 c)
1768 3750 1869 3787 haee
1895 3748 1943 3787 in
1966 3758 2114 3798 parva
2128 3745 2325 3787 schedula
2340 3742 2526 3793 adficta.

299 3810 351 3863 d)
381 3815 528 3851 totum
562 3814 602 3851 l.
779 3807 822 3861 e)
854 3820 937 3859 per
965 3820 1176 3859 superscr.
1211 3809 1284 3850 ad.
1457 3807 1493 3860 s)
1525 3808 1735 3848 adhibuit
1762 3817 1975 3857 super-scr.
2010 3811 2067 3847 et.
2246 3800 2293 3855 g)
2338 3803 2443 3842 urbi
2473 3805 2517 3846 1.

299 3869 348 3923 h)
374 3882 494 3913 vexa
524 3882 546 3909 e
572 3881 686 3911 corr.
865 3866 900 3920 i)
931 3880 975 3911 v.
1007 3869 1058 3913 F.
1089 3868 1280 3925 victorie
1313 3869 1352 3909 1.
1511 3866 1561 3919 k)
1605 3866 1725 3909 Aud.
1771 3888 1821 3897 —-
1864 3866 2127 3906 adhibuisse
2169 3864 2216 3903 in
2246 3872 2398 3911 marq„
2430 3863 2519 3906 ubi.

301 3932 488 3981 Audito,
519 3930 618 3981 urb,
650 3927 740 3968 adh
769 3928 880 3970 abac.
1011 3926 1045 3977 l)
1080 3936 1235 3974 congr.
1266 3928 1327 3967 Et
1357 3926 1599 3967 collectum
1637 3928 1678 3965 1.
1809 3922 1873 3975 m)
1906 3926 1998 3964 Dol
2028 3924 2138 3963 abac.
2271 3919 2321 3971 n)
2352 3921 2521 3970 siquam

299 3990 547 4039 appositum
565 3989 614 4028 in
629 3986 872 4037 mar-9:118.
993 3984 1036 4037 ο)
1069 3985 1281 4033 virgultis
1307 3988 1344 4026 1.
1463 3983 1512 4037 p)
1545 3984 1704 4025 defixit
1725 3986 1766 4024 1.
1888 3982 1934 4033 q)
1969 3994 2007 4023 ε.
2042 3994 2081 4025 c.
2115 3984 2161 4023 et
2189 3982 2237 4021 in
2266 3991 2415 4030 marq„
2448 3980 2523 4019 ubi

287 4058 430 4101 ·supe,
463 4050 570 4088 cont
597 4046 709 4087 abac.
830 4043 870 4098 r)
903 4048 954 4085 ut
982 4044 1164 4095 penitus
1197 4054 1233 4085 s.
1269 4046 1310 4083 1.

455 4177 512 4248 1)
549 4180 772 4232 Nautes.
919 4176 977 4245 2)
1016 4179 1194 4229 Bruc?
1231 4178 1460 4231 POINS.
