3059 4834
453 436 556 479 94⁵1.

466 1374 566 1416 948.

347 2178 366 2201 ‘
383 2182 463 2224 fol.
497 2183 571 2225 26.

580 253 650 303 72
1096 249 1400 302 RICHERI
1438 249 1945 304 HISTORIARUM
1981 248 2205 300 LIBER
2242 249 2317 300 11.

581 417 921 484 Treverico
992 437 1138 481 cum
1154 430 1174 464 1
1232 415 1502 482 Artoldo
1574 416 1891 497 Remensi,
1962 414 2480 481 considentibusa
2597 439 2847 504 uoque

584 499 990 568 Adalberone
1047 501 1366 582 Mettensi,
1428 499 1739 564 Gauslino
1796 499 2099 580 Tullensi,
2153 498 2542 565 Hildeboldo
2663 502 2843 566 ’me-

583 583 1070 671 gardvurdensi,
1098 583 1380 649 Israhele
1407 584 1785 668 Brittigena,
1814 584 2257 649 assistentibus
2287 584 2481 649 etiam
2509 584 2841 650 Brunone

584 672 727 735 viro
768 667 1116 733 reverendo
1170 676 1235 732 et
1286 667 1520 732 abbate
1580 689 1725 731 cum
1770 665 1910 731 aliis
1953 666 2293 734 abbatibus
2336 677 2401 732 et
2441 668 2787 733 monachis
2810 680 2839 714 ²

585 753 965 819 venerandis
1006 750 1342 850 Agenoldo
1397 761 1460 817 et
1503 749 1796 816 Odilone.
1896 748 2002 815 Ad
2054 750 2220 815 hanc
2274 752 2572 817 sinodum
2615 753 2835 838 Hugo

588 845 872 919 vocatus,
913 836 1124 901 missis
1154 836 1239 901 ad
1283 857 1431 900 eum
1471 833 1918 900 deducendum
1962 833 2367 900 Adalberone
2411 844 2476 900 et
2504 835 2835 901 Gauslino

586 921 804 1068 Zpisclo
853 921 926 1003 is,
983 921 1201 985 venire
1259 917 1479 1066 nolug‘t.
1589 917 1780 1017 [inde
1810 928 1901 1018 ‘et
1956 919 2835 1068 epigcoporumuffiententiab

588 1012 1988 1168 ᾱέἒωὲηῗὲὲθῖἓῇὲἓιῗὲε,Ῑὲῑὲἓέιῗέξζῖῗὼ
2030 1024 2297 1150 esffque
2355 1025 2399 1066 ¹¹
2512 1026 2543 1068 ⁸
2602 1027 2837 1068 ‘emm

1162 1213 1264 1280 67.
1332 1211 1608 1278 Sinodus
1650 1213 1960 1278 Mosomic
2002 1212 2239 1278 habita.

755 1316 1066 1381 Indicitur
1107 1338 1260 1380 vero
1304 1315 1601 1381 habenda
1641 1315 1738 1379 Id.
1768 1315 2021 1379 Ianuar.
2085 1315 2171 1381 Et
2214 1314 2465 1380 evoluto
2510 1325 2831 1401 tempore,

589 1401 657 1464 in
699 1399 965 1465 basilica
1005 1400 1210 1464 sancti
1244 1399 1462 1464 Petrid
1503 1422 1544 1463 a
1591 1398 1680 1462 ud
1723 1398 2124 1464 Mosomense
2169 1407 2445 1463 castrum
2496 1398 2827 1463 secunda⁰

592 1484 898 1548 sinodus0
940 1482 1159 1548 habita
1203 1492 1316 1565 est,
1371 1485 1544 1582 presi
1590 1491 1733 1546 ente
1778 1495 2071 1568 quoque⁶
2130 1483 2416 1569 predicto
2461 1482 2832 1569 metropoli-

591 1577 740 1632 tano
784 1566 1091 1631 Rotberto
1134 1566 1479 1631 Treverico
1525 1587 1673 1629 cum
1715 1566 1882 1630 feree
1929 1566 2223 1630 omnibus
2276 1587 2426 1630 suae
2493 1565 2832 1631 dioceseos

593 1650 912 1736 episcopis
957 1671 1033 1712 ac
1076 1647 1392 1735 aliquibus
1435 1651 1799 1730 Remensis3
1860 1650 2240 1715 consedente
2298 1650 2490 1715 etiam
2533 1649 2828 1732 Artold0‚

593 1735 775 1798 cuius
819 1753 1014 1798 eausa
1057 1731 1454 1798 discutienda
1497 1741 1652 1797 erat.
1738 1732 1875 1798 Nes
1918 1733 2121 1798 abfuit
2161 1734 2273 1797 Hu
2320 1755 2390 1816 03
2435 1743 2500 1799 at
2528 1733 2827 1798 sinodum

590 1817 842 1904 ingredi
912 1815 1130 1882 noluit.
1216 1816 1576 1903 Epistolam
1637 1831 1829 1882 vero⁰
1906 1818 2203 1882 nominee
2337 1819 2543 1903 gapiti
2613 1839 2827 1904 papae

591 1903 646 1966 si
739 1911 910 1967 atam
999 1923 1069 1966 er
1111 1921 1260 1965 suos
1278 1914 1307 1956 8
1365 1900 1591 1966 sinodo
1649 1900 1988 1988 legendam
2038 1903 2346 1988 porrexit.
2448 1901 2632 1982 Quae
2678 1924 2825 1965 cum

591 1924 798 2051 soffia
839 1994 903 2050 et
967 1993 1107 2050 ecta
1149 1993 1332 2068 esset,
1375 1984 1537 2049 nibil
1581 1987 1920 2050 canonicae
1958 1986 2353 2050 auctoritatis
2380 1984 2617 2050 habere
2648 1985 2826 2051 vide-

589 2069 798 2152 batur,
843 2068 1001 2133 nihil
1041 2070 1233 2134 etiam
1273 2091 1391 2155 pro
1436 2071 1573 2133 eius
1619 2091 1816 2135 causa
1858 2068 2239 2155 significare,
2293 2070 2418 2133 nisi
2458 2080 2528 2135 ut
2583 2070 2643 2134 ei
2688 2091 2723 2133 e
2772 2071 2825 2132 i-

591 2154 931 2240 seopium¹¹
975 2152 1363 2218 redderetur.
1438 2154 1627 2233 *Qua
1667 2152 1961 2240 perlecta,
2008 2175 2156 2217 cum
2201 2155 2487 2239 episcopi
2533 2174 2689 2217 cons
2756 2163 2825 2219 to

592 2261 733 2304 sese
794 2235 1221 2320 contulissent,
1288 2237 1665 2302 cassandam
1734 2247 2136 2318 censuerunt,
2200 2259 2277 2301 eo
2340 2236 2515 2336 quod
2578 2236 2823 2324 absque

589 2325 834 2387 ratione
891 2343 1027 2385 rem
1090 2343 1254 2408 quae
1305 2322 1373 2386 in
1425 2320 1536 2386 lite
1594 2332 1731 2385 erat
1781 2320 2075 2386 abdicato
2135 2320 2315 2385 reddi
2366 2319 2648 2386 lubebat.
2737 2322 2825 2387 Et

592 2407 746 2493 quia
747 2404 966 2554 Ipraulo
1011 2417 1156 2471 ante
1200 2405 1282 2470 ab
1326 2407 1468 2490 ipso
1513 2427 1689 2490 papa
1716 2404 1997 2491 Agapito
2042 2405 2333 2489 delegata
2376 2414 2512 2470 erat
2552 2405 2824 2490 epistola

590 2513 707 2576 per
837 2490 1162 2554 edericum
1193 2488 1643 2574 Maguntinum
1685 2490 2063 2575 episcopum
2104 2498 2294 2574 atque
2333 2489 2482 2553 data
2510 2489 2823 2554 Rotberto

589 2572 1080 2659 metropolitano
1134 2572 1477 2636 Treverieo
1538 2593 1755 2636 coram
1808 2573 2068 2658 regibus
2124 2595 2200 2637 ac
2248 2571 2495 2637 Galliae
2554 2584 2619 2638 et
2664 2573 2823 2638 Ger-

589 2658 842 2721 maniae
886 2656 1228 2742 episcopiS,
1290 2677 1453 2741 quae
1509 2664 1646 2719 erat
1701 2657 2027 2720 continens
2088 2658 2526 2722 auctoritatem
2568 2667 2823 2743 aposto-

589 2741 750 2806 licae
814 2740 1144 2821 iussioniS,
1203 2748 1578 2826 partemque
1635 2749 2084 2826 preceptorum
2144 2741 2279 2805 eius
2339 2742 2470 2804 iam
2534 2743 2823 2807 exsecuti

589 2824 860 2904 fuerant,
931 2824 1254 2887 communi
1323 2845 1479 2888 mox
1545 2844 1856 2890 consensu
1928 2823 2253 2889 decretum
2325 2834 2439 2906 est,
2510 2834 2583 2888 ut
2648 2825 2823 2911 quod

589 2903 965 2994 regulariter
1018 2915 1316 3006 coeptum
1375 2916 1528 2990 erat,
1584 2907 2043 2974 rationabiliter
2098 2919 2290 3007 atque
2333 2909 2639 2973 canonice
2679 2931 2821 2995 per-

590 3000 987 3058 tractaretur.
1077 2991 1410 3076 Simulque
1455 3001 1518 3056 et
1559 3014 1715 3057 mox
1768 3015 1807 3056 a
1860 2985 2344 3078 metropolitano
2400 2993 2648 3056 iussum
2704 3003 2818 3075 est,

589 3083 662 3139 ut
704 3077 1074 3140 recitaretur
1117 3084 1310 3160 caput
1359 3076 1453 3140 19.
1501 3075 1754 3142 concilii
1801 3075 2297 3162 Cartaginensis,
2357 3076 2531 3162 quod
2575 3085 2821 3142 constat

593 3158 674 3224 de
735 3169 1034 3223 accusato
1098 3168 1163 3223 et
1225 3169 1615 3224 accusatore.
1722 3160 1810 3225 Et
1857 3161 2141 3242 recitat0,
2211 3160 2566 3224 secundum
2618 3163 2821 3247 ipsius

592 3265 668 3308 ca
715 3241 857 3307 ituli
913 3244 1289 3308 sententiam
1343 3244 1747 3325 constituere,
1798 3253 1889 3324 ut,
1942 3245 2243 3309 Remensi
2284 3244 2659 3330 parroechia
2700 3245 2818 3308 Ar-

590 3336 654 3393 to
681 3327 764 3392 do
828 3327 1138 3410 restituta,
1199 3328 1309 3414 qui
1371 3326 1607 3391 nullius
1672 3327 1881 3392 sinodi
1943 3329 2224 3394 rationes
2280 3327 2504 3392 audire
2565 3328 2819 3414 refugit,

589 3412 806 3497 Hugo,
853 3412 965 3498 qui
1005 3411 1090 3476 ad
1131 3411 1290 3475 duas
1334 3413 1464 3475 iam
1495 3409 1753 3475 sinodos
1797 3412 2141 3476 accersitus
2170 3412 2389 3478 venire
2423 3421 2820 3498 contempse-

588 3505 707 3577 rat,
771 3507 846 3558 ae
905 3496 1275 3560 Remensise
1333 3495 1647 3580 episcopii
1700 3517 1769 3560 re
1820 3495 2011 3560 ‘mine
2073 3495 2437 3578 abstineret,
2504 3496 2708 3561 donec
2746 3497 2816 3560 in

588 3580 839 3644 tertiam
885 3578 1210 3644 sinodumi
1239 3579 1615 3664 purgandus
1643 3579 1725 3643 de
1756 3601 1793 3644 o
1840 3581 2025 3644 iectis
2058 3580 2403 3646 adveniret.
2450 3578 2814 3666 Capitulum

586 3684 740 3728 vero
783 3684 978 3748 supra
1020 3662 1262 3727 dictum
1315 3661 1542 3726 litteris
1597 3672 1809 3728 cartae
1863 3663 2235 3730 mandatum
2294 3673 2391 3729 est
2440 3674 2503 3729 et
2560 3664 2641 3729 ab
2686 3667 2813 3751 epi-

589 3747 804 3832 scopis
870 3757 1127 3812 cautum
1191 3766 1268 3808 ac
1325 3745 1535 3810 eidem
1592 3745 1858 3831 Hugoni
1922 3749 2252 3814 directum.
2351 3748 2429 3811 In
2488 3768 2614 3834 quo
2672 3769 2810 3812 cum

705 3926 751 3980 a)
793 3925 1152 3969 consistentibus
1182 3924 1240 3970 A.
1274 3928 1316 3967 1.
1481 3924 1532 3980 b)
1564 3929 1802 3970 sententia
1830 3940 1867 3970 ο.
2019 3927 2062 3982 c)
2110 3929 2187 3970 Mo
2228 3929 2341 3969 absc.
2501 3927 2548 3981 d)
2579 3930 2747 3981 petetri
2772 3941 2813 3969 ο.

588 3985 635 4039 ο)
663 3992 762 4037 ροσε
790 3988 890 4030 add.
1026 3983 1063 4037 ί)
1105 3984 1168 4024 ita
1197 3996 1234 4027 ο.
1367 3983 1416 4038 α)
1457 3995 1541 4036 per
1570 3988 1801 4037 quendam
1830 3988 2054 4030 clericum
2085 3998 2219 4030 suum
2251 3990 2294 4031 1.
2430 3985 2480 4041 h)
2524 3998 2565 4030 e.
2596 3999 2635 4032 r.
2669 3999 2739 4040 ep.
2770 3991 2813 4033 1.

584 4044 621 4096 1)
655 4055 776 4095 quae
805 4045 1032 4087 Kalendis
1062 4042 1180 4093 Aug.
1213 4044 1428 4086 habenda
1459 4044 1755 4088 indicebatur
1784 4047 1884 4088 aaa.
1920 4048 1962 4088 1.

737 4158 796 4222 1)
822 4158 1082 4211 Richems
1112 4158 1406 4212 Flodoardi
1437 4160 1602 4212 verba
1627 4162 1705 4213 ita
1724 4161 1963 4225 mutavit,
1984 4167 2045 4212 ut
2067 4159 2347 4213 Artoldum
2374 4176 2585 4228 quoque
2612 4161 2814 4226 synodo

583 4230 925 4299 praesedisse
965 4232 1127 4284 dicat.
1277 4230 1337 4299 2)
1372 4233 1611 4286 Abbates
1648 4232 1861 4285 fuerunt
1897 4232 2205 4286 Gorziensis
2244 4241 2299 4287 et
2338 4233 2690 4286 Stabulensis.

3009 289 3014 386 1
