3059 4834
746 276 1055 330 RIOHERI
1091 277 1600 353 HISTORIA-EUM
1636 278 1860 329 LIBER
1897 277 2001 330 111.
2419 278 2520 327 123

334 444 604 509 uosdam
646 467 797 510 vero
841 455 1043 510 morte
1096 445 1476 512 afficiebant.
1566 445 1845 511 Tantum
1896 447 1963 509 in
2017 447 2108 510 eis
2153 454 2249 510 ter
2291 442 2520 510 debac-
2539 464 2639 505 984.

290 551 327 591 c
373 529 463 593 ati
480 539 525 610 ⁸,
597 538 667 593 ut
730 551 1059 594 caesorum
1132 529 1552 594 cadaveribus
1625 539 1926 615 aggerata
1988 529 2188 594 moles
2253 529 2520 594 collibus

288 611 761 677 assimilaretur.
868 613 1038 677 Aliib
1094 637 1245 680 vero
1290 613 1744 678 descendentes
1800 623 1911 678 aut
1962 612 2229 678 vibratis
2287 613 2519 699 gladiis

285 695 649 760 frondium⁰
708 699 1142 784 oppositarum
1201 698 1576 763 densitatem
1640 696 1990 779 metebant,
2055 708 2166 762 aut
2226 697 2520 762 trudibus

289 781 533 844 adactis
589 783 1042 868 transpositam
1102 782 1403 846 arborum
1471 780 1704 846 molem
1769 782 2152 846 amovebant
2227 782 2474 868 sibique
2493 782 2522 824 ‘¹

285 865 409 928 iter
463 865 853 950 aperiebant.
950 865 1240 932 Tandem
1294 864 1493 932 multo
1554 874 1781 930 conatu
1834 864 1914 929 de
1969 866 2178 930 medio
2239 866 2518 932 hostium

289 948 503 1013 educti
546 957 709 1012 sunt.

458 1033 559 1096 99.
644 1033 790 1097 Hac
822 1042 1199 1119 tempestate
1231 1033 1617 1098 Germania*
1645 1032 1818 1099 nullo
1849 1036 2019 1120 regis
2050 1034 2318 1119 imperio
2349 1043 2546 1125 tene-⁶

286 1115 509 1198 batur,
577 1117 730 1203 quip
781 1139 816 1181 e
874 1138 1019 1181 cum
1078 1127 1140 1183 et
1193 1118 1494 1184 Ottonem
1549 1117 1854 1182 infantem
1907 1119 2131 1184 aetatis
2188 1117 2523 1181 infirmitas

284 1221 558 1284 regnare
602 1223 720 1286 pro
766 1199 985 1284 iberet,
1032 1214 1094 1267 et
1133 1202 1429 1266 Heziloni
1470 1202 1781 1286 regnandi
1825 1203 2058 1287 cupido
2100 1225 2139 1266 a
2167 1202 2522 1288 potioribus

283 1305 559 1369 regnum
602 1285 1157 1351 contradiceretur.
1230 1285 1419 1350 Unde
1447 1287 1788 1350 Lotharius
1835 1288 2234 1351 occasionem
2276 1294 2520 1367 nactUS,

284 1368 366 1432 de
395 1367 693 1452 Belgicae
729 1371 1106 1454 pervasione
1135 1371 1407 1433 iterume
1439 1369 1782 1456 cogitabat,
1825 1380 1896 1434 ut
1923 1369 2222 1434 videlicet
2257 1369 2340 1433 ad
2371 1391 2521 1433 suae

286 1451 739 1517 dominationis
781 1453 880 1517 ius
925 1475 1065 1518 eam
1117 1463 1525 1540 retorqueret,
1581 1475 1725 1518 cum
1772 1454 1963 1520 Ottof
2000 1476 2130 1518 non
2173 1463 2356 1534 esset,
2417 1462 2522 1518 ete

284 1537 610 1622 principes
664 1537 1041 1602 dissiderent
1091 1540 1399 1624 regnique
1451 1539 1728 1624 dignitas
1784 1536 1957 1602 nullo
2018 1539 2189 1624 regis
2251 1537 2521 1602 admini-

286 1629 594 1686 straretur
640 1621 929 1708 imperiO.

458 1705 598 1770 100.
681 1706 905 1791 Itaque
960 1704 1254 1771 Odonem
1312 1716 1503 1804 atque
1549 1706 1956 1788 Herbertum,
2015 1707 2188 1770 viros
2242 1703 2520 1769 illustres

286 1799 352 1854 et
393 1790 678 1874 potentia
720 1787 945 1871 claros,
990 1789 1331 1871 advocanS,
1377 1813 1467 1852 e1s
1498 1791 1597 1852 sui
1625 1791 1759 1854 voti
1789 1802 2106 1855 secretum
2135 1790 2360 1874 aperit.
2431 1788 2521 1854 Et

288 1874 442 1958 quia
498 1871 690 1959 paulo
734 1883 881 1936 ante
938 1893 1156 1934 eorum
1207 1873 1418 1956 patrui
1468 1874 1585 1936 abs
1631 1893 1711 1934 ue
1767 1870 1982 1938 liberis
2027 1873 2308 1937 defuncti
2350 1883 2522 1937 terra

290 1957 534 2042 optima
590 1978 734 2020 cum
788 1955 1045 2040 oppidis
1099 1955 1541 2017 munitissimis
1584 1956 1608 2016 i
1657 1975 1726 2017 os
1768 1952 2111 2019 liberaliter
2155 1955 2520 2038 donaverat,

285 2042 309 2104 i
360 2043 417 2105 si
470 2063 623 2105 mox
683 2039 861 2103 domi
913 2035 1304 2123 militiaeque
1359 2059 1497 2102 sese
1551 2037 1986 2123 paratissimos
2043 2061 2144 2102 res
2193 2037 2523 2102 onderunt.

291 2065 543 2206 &uibus
586 2122 949 2187 faventibus
995 2142 1139 2184 cum
1180 2143 1297 2184 rex
1342 2121 1466 2186 sibi
1507 2121 1577 2185 in
1620 2121 1830 2186 animo
1887 2135 2062 2187 essee
2117 2061 2390 2204 diceret,
2452 2130 2524 2185 ut

286 2208 625 2292 Belgicam
688 2213 1004 2292 repeteret
1060 2227 1325 2304 eamque
1387 2203 1767 2270 militaribus
1833 2227 1908 2270 co
1957 2207 2034 2270 iis
2101 2215 2521 2291 expugnaret,

288 2291 419 2376 ipsi
473 2289 662 2353 huius
713 2291 808 2353 rei
859 2289 1110 2353 initium
1160 2289 1439 2354 V1rduni
1491 2288 1856 2354 faciendum
1953 2291 2159 2372 icunt,
2219 2311 2294 2354 eo
2354 2289 2523 2375 quod

289 2377 433 2460 ipsa
475 2374 897 2459 propinquior
939 2373 1159 2436 civitas
1218 2384 1401 2448 esset,
1458 2381 1520 2438 et
1563 2395 1702 2438 sese
1756 2373 1954 2438 multa
2009 2373 2339 2438 obsidione
2382 2395 2523 2437 eam

292 2479 725 2542 aggressurOS,
782 2479 901 2522 nec
945 2478 1249 2542 umquam
1292 2458 1375 2522 ab
1419 2478 1495 2521 ea
1537 2459 1660 2521 nisi
1706 2468 1894 2543 capta
1936 2479 2330 2538 recessuros;
2393 2479 2521 2556 qua

293 2553 483 2626 capta
539 2552 602 2607 et
656 2550 1051 2606 sacramento
1103 2551 1293 2627 atque
1307 2554 1332 2584 θ
1393 2541 1615 2606 obside
1630 2555 1654 2584 θ
1712 2542 1851 2626 regi
1910 2564 2192 2623 annexa,
2257 2541 2518 2606 ulter1us

287 2647 732 2710 processuros;
789 2625 1015 2689 tandiu
1072 2627 1265 2690 etiam
1322 2635 1678 2690 moraturos
1722 2627 1787 2688 in
1830 2625 1948 2692 Bel
1995 2628 2115 2708 ica,
2161 2626 2364 2691 donec
2408 2636 2520 2690 aut

288 2710 483 2774 armis
542 2719 965 2795 expugnetur,
1020 2718 1131 2773 aut
1182 2710 1342 2774 victi
1396 2708 1635 2795 Belgae
1692 2711 1798 2773 *in
1857 2709 1934 2775 de
1985 2711 2243 2774 itionem
2300 2733 2518 2777 omnes
2539 2720 2658 2766 ‘fol-
2690 2723 2784 2766 41¹·

286 2802 629 2858 transeant.
717 2795 1007 2874 Quorum
1049 2796 1391 2879 sponsione
1436 2803 1752 2879 suscepta,
1796 2817 1915 2858 rex
1957 2816 2103 2859 cum
2147 2795 2304 2881 ipsis
2341 2817 2520 2858 exer-

288 2879 485 2942 citum
527 2900 683 2942 mox
725 2878 1084 2943 Virdunum
1130 2878 1431 2942 admovit.

908 2999 1048 3067 101.
1132 2997 1408 3062 Virduni
1450 3001 1841 3085 expugnatio
1859 3011 1906 3063 g.

414 3119 422 3126 ·
457 3100 638 3181 Quae
682 3101 909 3164 civitas
954 3121 1028 3163 eo
1072 3099 1201 3163 situ
1242 3101 1450 3184 posita
1492 3111 1607 3184 est,
1651 3112 1723 3165 ut
1765 3124 1804 3164 a
1847 3101 2052 3166 fronte
2086 3101 2348 3187 planitie
2378 3124 2518 3187 per-

286 3185 399 3248 via
438 3182 798 3248 meantibus
840 3204 1168 3248 accessum
1211 3183 1503 3268 prebeat3
1559 3206 1598 3248 a
1652 3186 1875 3268 tergoll
1916 3184 2372 3250 inaccessibilis
2419 3187 2519 3249 sit.

288 3267 393 3332 Ibi
436 3269 606 3333 enim
649 3289 689 3330 a
733 3288 979 3331 summo
1024 3267 1091 3330 in
1132 3270 1489 3352 posteriora
1532 3267 1849 3353 profundo
1893 3267 2071 3331 hiatu
2126 3270 2366 3332 circum
2414 3289 2522 3330 ua-

290 3373 414 3439 que
458 3351 855 3416 distenditur.
938 3349 1043 3414 Ab
1088 3350 1493 3416 inferioribus
1549 3372 1701 3414 vero
1747 3350 1833 3414 ad
1881 3371 2200 3414 summum
2253 3353 2399 3435 rupi
2447 3373 2520 3415 us

287 3437 609 3522 preruptis
664 3443 924 3498 artatur.
1010 3432 1194 3513 Quae
1250 3455 1380 3498 non
1424 3432 1627 3498 solum
1671 3442 1919 3498 scatens
1961 3433 2240 3499 fontibus
2285 3435 2520 3520 puteis-

290 3543 434 3606 que,
477 3518 703 3583 incolis
746 3516 1180 3599 accommoda,
1227 3517 1339 3582 sed
1383 3527 1463 3601 et,
1505 3516 1702 3582 fluvio
1731 3518 1916 3581 Mosa
1945 3540 2084 3582 eam
2115 3520 2184 3581 a¹i
2212 3529 2520 3605 prerupta

336 3613 469 3669 arte
512 3602 829 3685 abluente,
872 3622 1224 3666 nemorosa.
1310 3601 1445 3667 Ubi
1486 3623 1638 3687 ergo
1683 3624 1722 3665 a
1762 3600 1966 3666 fronte
2009 3601 2336 3687 planitiem
2379 3627 2520 3690 pre-

288 3626 431 3770 lert,
486 3686 866 3786 *pugnaturi
907 3685 1233 3749 machinas
1275 3684 1536 3750 bellicas
1593 3687 1844 3771 generis
1900 3684 2134 3750 diversi
2191 3697 2514 3772 aptavere.
2543 3701 2560 3720 *
2577 3717 2624 3756 p.
2659 3707 2762 3751 629.

289 3773 427 3838 Nec
470 3793 682 3835 mlnus
724 3770 834 3856 qui
874 3770 941 3833 in
982 3766 1140 3833 urbe
1198 3779 1378 3834 erant
1418 3771 1503 3834 ad
1544 3769 1967 3835 resistendum
2025 3793 2162 3835 sese
2220 3770 2520 3857 expedie-

290 3857 461 3922 bant.
547 3857 907 3940 Pugnatum
962 3864 1057 3918 est
1108 3853 1368 3918 tandem
1410 3856 1450 3919 8
1492 3853 1691 3919 ferme
1737 3855 2052 3918 continuis
2096 3852 2340 3920 diebus
2427 3852 2516 3921 At

439 4018 463 4042 *
500 4019 728 4085 Belgica
765 4023 923 4086 atque
966 4017 1031 4070 G.
1074 4019 1121 4069 1.

410 4147 457 4198 a)
490 4145 651 4200 sunt(?)
682 4157 866 4187 erasum.
997 4144 1045 4196 b)
1079 4146 1175 4187 Alii
1209 4168 1261 4176 —
1294 4148 1373 4184 aut
1399 4156 1420 4184 e
1449 4156 1562 4184 corr.
1698 4144 1740 4198 c)
1774 4150 1853 4186 aut
1883 4145 1940 4187 fr.
1975 4148 2017 4186 1.
2151 4145 2196 4198 d)
2233 4152 2279 4188 et
2309 4149 2515 4188 venienti

293 4208 521 4246 exercitui
556 4210 599 4246 1.
743 4203 786 4257 e)
813 4210 914 4256 post
944 4205 1045 4244 add.
1196 4202 1233 4256 f)
1268 4204 1320 4246 Ο.
1353 4204 1496 4246 hostis
1532 4207 1571 4245 1.
1719 4203 1765 4255 g)
1799 4206 1852 4257 V,
1898 4217 1922 4246 e
1953 4207 2066 4249 absc.
2212 4205 2260 4258 h)
2293 4210 2339 4246 et
2369 4208 2514 4246 latere

292 4268 488 4316 utroque
520 4265 620 4307 add.
657 4267 698 4306 1.
846 4265 881 4319 i)
917 4265 965 4304 in
998 4266 1041 4306 1.
2071 4278 2076 4284 ·
