3059 4834
687 236 995 288 RIOHERI
1033 238 1542 291 HISTORIARUM
1578 237 1802 290 LIBER
1840 238 1948 293 111.
2192 252 2199 259 ·
2384 240 2486 289 103

247 404 526 469 fistulam
572 406 918 487 constituit,
961 405 1030 468 in
1073 406 1253 468 cuius
1297 404 1737 470 cacuminibus
1784 405 1949 470 duos
1991 404 2174 491 polos
2217 406 2485 471 boreum

248 498 313 553 et
355 487 843 553 austronothum
885 487 1199 567 notandos
1242 510 1382 553 esse
1424 490 1715 554 instituit.
1803 488 2288 555 Semicirculum
2330 512 2482 555 vero

246 594 287 634 a
331 571 480 658 polo
526 571 608 635 ad
703 571 876 636 olum
919 571 1004 635 30
1091 572 1335 637 artibus
1381 571 1616 637 divisit.
1705 572 1993 654 Quarum
2049 596 2167 638 sex
2208 596 2250 638 a
2291 572 2484 660 polo⁸

247 656 587 737 distinctis,
678 654 909 720 stulam
949 654 1032 719 ad
1079 655 1258 738 ibuit,
1303 678 1418 741 per
1448 678 1642 742 quam
1674 656 1996 721 circularis
2024 657 2194 722 linea
2220 658 2483 722 arcticib

247 741 632 825 signaretur.
746 740 901 803 Post
971 760 1127 825 quas
1202 740 1398 804 etiam
1476 736 1756 839 quinque
1829 739 2135 823 diductis,
2204 740 2482 805 fistulam

247 844 509 909 quoque
581 823 846 905 adiecit,
920 843 1084 909 quae
1157 822 1524 888 aestivalem
1599 824 2077 889 circulationem
2150 825 2480 890 indicaret.

243 907 510 971 Abinde
555 928 805 993 quoque
849 916 1121 991 quatuor
1175 907 1415 990 divisis,
1467 907 1751 972 fistulam
1807 907 2159 973 identidem
2214 907 2481 990 addidit,

245 990 422 1055 unde
488 988 970 1090 aequinoctialis
1035 991 1390 1057 rotunditas
1463 991 2035 1057 commendaretur.
2142 991 2482 1078 Reliquum

241 1096 403 1138 vero
451 1084 728 1159 spanum
771 1096 978 1159 usque
1019 1074 1106 1138 ad
1146 1078 1392 1140 notium
1435 1074 1658 1161 polum
1702 1076 1943 1141 eisdem
1979 1075 2482 1141 dimensionibus

245 1159 560 1223 distinxit.
649 1158 849 1223 Cuius
902 1159 1304 1224 instrumenti
1357 1161 1516 1225 ratio
1571 1161 1639 1225 in
1693 1168 1936 1224 tantum
1989 1158 2209 1242 valuit,
2268 1170 2340 1224 ut
2396 1160 2482 1224 ad

241 1240 466 1328 polum
511 1264 627 1307 sua
668 1242 976 1307 diametro
1022 1242 1262 1308 directa
1304 1265 1381 1307 ac
1427 1242 1810 1307 semicirculi
1846 1244 2265 1329 productione
2294 1266 2480 1328 supe-

243 1328 381 1390 rius
424 1348 627 1409 versa,
686 1326 953 1390 circulos
996 1326 1246 1391 visibus
1301 1328 1672 1414 inexpertos
1716 1329 2018 1392 scientiae
2061 1327 2244 1392 daret
2291 1337 2482 1414 atque

247 1408 381 1475 alta
423 1411 731 1474 memoria
771 1409 1166 1475 reconderet.

303 1530 408 1593 52.
476 1528 716 1614 Sperae
760 1532 1137 1615 compositio
1181 1530 1449 1615 planetis
1494 1531 1961 1617 cognoscendis
1977 1538 2017 1575 ⁰⁸
2043 1532 2376 1617 aptissima
2392 1543 2435 1595 ⁰.

415 1632 785 1696 Errantium
801 1636 829 1667 *
874 1654 1126 1719 quoque
1171 1631 1453 1697 siderum
1497 1632 1721 1697 circuli
1768 1656 1915 1697 cum
1958 1635 2127 1699 intra
2166 1634 2481 1698 mundum

245 1715 548 1795 ferantur,
595 1725 659 1779 et
681 1726 902 1781 contra
944 1716 1344 1797 contendant,
1392 1738 1516 1801 quo
1548 1727 1765 1781 tamen
1793 1718 2063 1781 artificio
2093 1717 2479 1799 viderentur,

247 1800 558 1865 scrutanti
627 1821 759 1863 non
827 1799 1046 1865 defuit.
1160 1800 1464 1885 Inprimis
1537 1802 1706 1864 enim
1778 1823 2034 1885 speram
2106 1800 2480 1865 circularem

245 1884 490 1965 effecit3
533 1882 656 1947 hoc
702 1892 798 1948 est
839 1906 922 1947 ex
965 1884 1114 1948 solis
1160 1882 1411 1948 circulis
1443 1893 1857 1947 constantem.
1943 1884 2021 1948 In
2096 1906 2180 1947 ua
2210 1882 2479 1949 circulos

245 1967 410 2032 duos
455 1968 565 2066 qui
607 1988 646 2029 a
680 1966 906 2032 Grecis
950 1966 1229 2049 coluri1,
1289 1989 1328 2029 a
1356 1966 1598 2030 Latinis
1644 1966 1996 2031 incidentes
2088 1968 2356 2047 icuntur,
2402 1988 2477 2031 eo

247 2051 426 2139 quod
466 2074 533 2114 in
571 2074 708 2117 sese
736 2051 1021 2116 incidant
1050 2048 1474 2137 complicavit.
1560 2052 1639 2114 In
1669 2071 1938 2135 quorum
1970 2048 2480 2136 extremitatibus

295 2134 430 2200 olos
489 2135 650 2199 fixit.
749 2134 931 2200 Alios
995 2157 1150 2199 vero
1211 2136 1492 2233 quinque
1567 2133 1872 2216 circulos,
1945 2136 2057 2221 qui
2126 2132 2412 2218 paralleli
2422 2135 2481 2164 ¹⁸¹*

295 2221 565 2302 icuntur,
624 2218 857 2283 coluris
914 2220 1324 2305 transposuit,
1397 2229 1488 2282 ita
1551 2227 1623 2283 ut
1684 2241 1725 2282 a
1781 2217 1931 2302 polo
1990 2217 2073 2282 ad
2177 2216 2348 2281 olum
2398 2216 2483 2281 30

252 2312 466 2391 partes
509 2326 731 2390 sperae
775 2303 1182 2368 medietatem
1228 2302 1619 2385 dividerent3
1664 2302 1858 2388 idque
1888 2323 2017 2365 non
2044 2325 2133 2365 vu
2154 2323 2238 2386 go
2272 2322 2482 2387 neque

254 2386 536 2452 confuse.
627 2388 794 2451 Nam
851 2386 930 2451 de
980 2389 1065 2453 30
1114 2387 1418 2451 dimidiae
1474 2407 1697 2472 sperae
1754 2386 2042 2471 partibus
2102 2407 2141 2449 a
2190 2383 2341 2470 polo
2401 2383 2481 2449 ad

248 2473 529 2558 primum
601 2470 911 2535 circulum
985 2494 1102 2536 sex
1166 2470 1524 2551 constituit3
1599 2490 1639 2531 a
1705 2469 1912 2555 primo
1978 2468 2064 2533 ad
2128 2468 2483 2534 secundum

251 2558 564 2641 quinque3
609 2577 648 2617 a
692 2554 972 2620 secundo
1017 2556 1100 2619 ad
1143 2556 1397 2619 tertium
1431 2564 1736 2639 quatuor3
1783 2576 1822 2617 a
1854 2554 2040 2616 tertio
2070 2552 2157 2616 ad
2187 2561 2484 2640 quartum

250 2640 476 2704 itidem
521 2647 820 2725 quatuor3
894 2660 934 2701 a
976 2649 1201 2725 quarto
1257 2639 1340 2702 ad
1394 2638 1727 2724 quintumd
1785 2638 1939 2723 quin
1986 2659 2094 2720 ue3
2168 2660 2208 2701 a
2263 2636 2482 2723 quinto

250 2746 460 2809 usque
505 2723 590 2787 ad
629 2723 852 2808 polum
895 2744 1029 2787 sex.
1114 2724 1239 2787 Per
1295 2722 1412 2786 hos
1466 2744 1721 2809 quoque
1777 2723 1907 2785 circ
1979 2743 2049 2785 os
2093 2743 2238 2785 eum
2286 2722 2485 2784 circu-

249 2807 384 2872 lum
443 2807 813 2894 obliquavit,
921 2808 989 2870 ui
1046 2829 1086 2870 a
1145 2808 1372 2871 Grecis
1425 2804 1611 2870 loxos
1633 2818 1655 2851 ²
1713 2804 1857 2869 vele
1914 2818 2099 2887 zoee,
2154 2827 2193 2868 a
2237 2804 2485 2869 Latinis

253 2892 550 2991 obliquus
607 2890 712 2956 vel
766 2892 894 2955 vita
922 2894 975 2955 is
1035 2890 1285 2974 dicitur,
1345 2912 1419 2955 eo
1523 2889 1655 2954 uod
1707 2890 2079 2953 animalium
2135 2888 2377 2973 figuras
2419 2888 2489 2952 in

252 2975 448 3041 stelhs
515 2976 853 3039 contineat.
959 2974 1136 3039 Intra
1192 2974 1361 3039 hunc
1428 2974 1509 3038 ob
1541 2976 1758 3059 'quum
1817 2974 2165 3037 errantium
2221 2970 2488 3036 circulos

249 3062 415 3125 miro
461 3060 728 3123 artificio
775 3059 1124 3145 suspendit.
1227 3059 1517 3139 Quorum
1576 3056 1836 3122 absidas
1894 3066 1957 3122 et
1998 3055 2383 3139 altitudineS,
2449 3077 2489 3118 a

253 3166 392 3209 sese
437 3144 628 3208 etiam
674 3142 1005 3207 distantias
1050 3142 1488 3207 efficacissime
1550 3142 1681 3205 suis
1727 3140 2205 3206 demonstravit.
2295 3139 2489 3221 Quod
2544 3188 2553 3197 .

295 3227 798 3293 uemadmodum
839 3226 1049 3306 fuerit,
1110 3227 1191 3292 ob
1247 3226 1723 3312 prolixitatem0
1779 3224 1885 3287 hic
1926 3246 2164 3308 ponere
2208 3243 2488 3288 commo-

252 3250 408 3377 dum
437 3334 568 3376 non
610 3321 723 3394 est,
767 3333 848 3374 ne
891 3310 1082 3373 nimis
1124 3331 1164 3372 a
1205 3311 1533 3396 proposito
1577 3306 1908 3372 discedere
1950 3306 2307 3371 videamur.

249 3434 354 3499 53.
421 3430 646 3497 Aliaes
703 3452 923 3517 sperae
969 3429 1385 3515 compositior
1422 3428 1622 3513 signis
1667 3424 2167 3511 cognoscendisf
2203 3423 2489 3489 idoneas.

421 3533 607 3599 Fecit
646 3542 858 3618 preter
896 3531 1056 3595 haec
1079 3552 1332 3617 speram
1375 3529 1638 3595 alteram
1669 3526 2061 3609 circularem,
2092 3527 2259 3590 intra
2296 3547 2487 3613 quam

252 3617 527 3684 circulos
584 3616 843 3703 quidem
900 3637 1031 3679 non
1088 3613 1451 3691 collocavit,
1511 3614 1627 3679 sed
1684 3613 1961 3700 desuper
2016 3610 2237 3676 ferreis
2294 3620 2487 3695 atque

403 3778 450 3847 *)
490 3779 600 3832 Sed
637 3780 741 3829 hoc
779 3778 848 3829 ad
890 3777 1118 3829 circulos
1149 3762 1570 3828 intellectibiles.
1645 3777 1855 3839 Quanto
1896 3776 2056 3825 etiam
2095 3774 2275 3825 studio
2310 3788 2487 3823 erran·

494 3855 626 3904 tium
667 3852 902 3905 siderum
943 3850 1171 3902 circulos
1211 3852 1497 3917 aperuerit,
1538 3850 1718 3900 dicere
1756 3864 1862 3899 non
1901 3848 2127 3915 pigebit.
2206 3847 2311 3907 Qui
2353 3847 2404 3897 1.

387 3924 461 3993 **)
501 3928 593 3993 qui
631 3942 665 3977 a
704 3926 890 3977 Grecis
929 3924 1192 3991 paralleli,
1232 3939 1265 3973 a
1302 3924 1510 3975 Latinis
1550 3924 1913 3990 aequistantes
1954 3920 2202 3971 dicuntur
2245 3920 2293 3969 1.

376 4052 422 4106 a)
465 4065 511 4104 p.
546 4064 732 4094 mensus
767 4056 807 4094 1.
958 4051 1006 4105 b)
1054 4052 1188 4093 artici
1218 4063 1333 4093 corr.
1367 4052 1543 4092 arctici.
1694 4047 1737 4101 c)
1782 4059 1858 4100 no,
1889 4050 1949 4088 tis
1980 4048 2094 4091 abac.
2246 4043 2293 4098 d)
2328 4046 2487 4096 quinto

254 4113 476 4153 simfliter
509 4114 548 4153 1.
670 4110 713 4163 e)
741 4116 843 4161 post
873 4112 972 4151 add.
1093 4110 1131 4163 f)
1164 4112 1288 4163 Alia,
1322 4121 1470 4163 comp,
1504 4120 1639 4162 cogn,
1671 4110 1748 4149 ido
1782 4108 1899 4149 absc.

411 4228 467 4292 1)
505 4219 775 4295 κόλουροι.
966 4222 1025 4292 2)
1063 4219 1238 4288 λόξος,
1275 4218 1405 4295 ζωή.
