3059 4834
512 657 612 700 945.

392 3430 410 3451 ⁸
425 3445 470 3486 p.
505 3433 606 3478 ⁶98.

635 275 703 323 62
1145 273 1454 325 RICHERI
1491 273 2001 325 HISTORIARUM
2038 273 2263 325 LIBER
2299 273 2377 324 11.

727 443 829 506 45,
894 440 1054 506 Dux
1097 441 1278 526 regia
1321 463 1438 526 per
1478 438 1723 587 legaiitos
1766 439 1993 588 spatdet
2006 451 2053 523 ⁸,
2096 450 2169 506 ut
2210 442 2335 505 ab¹³¹
2381 438 2763 505 obsidionea

1646 545 1776 589 1sce
1824 545 1861 587 a
1894 573 1907 588 .

804 644 964 709 Dux
1027 665 1305 731 namque
1363 645 1431 708 in
1487 646 1631 730 ipsa
1688 642 2021 708 obsidione
2075 665 2193 728 per
2248 642 2494 728 legatos
2538 645 2747 729 petiit,
2818 655 2909 708 ut

637 728 1044 815 Ragenaldus
1104 751 1337 809 comeS,
1396 729 1667 812 sumptis
1711 749 1751 791 a
1794 749 1932 792 sese
1979 726 2329 810 obsidibus,
2369 727 2705 793 locuturus
2756 727 2906 792 sibi

638 824 951 880 occurrat.
1041 813 1235 893 Quod
1278 823 1342 877 et
1383 812 1568 876 fierib
1611 811 1694 876 ab
1739 834 1892 896 rege
1947 833 2322 876 concessum
2365 820 2482 876 est.
2567 812 2903 877 Directus

632 899 851 985 itaque
895 898 1015 962 sub
1061 896 1357 961 obsidum
1399 897 1540 960 iure
1585 895 1667 959 ad
1712 894 1941 959 ducem
1983 896 2176 960 venit.
2263 896 2462 980 Apud
2504 918 2699 983 quem
2742 896 2901 960 dux

635 983 746 1048 diu
791 981 1172 1063 deliberans,
1229 979 1488 1045 tandem
1533 980 1687 1079 agit,
1754 989 1824 1043 ut
1865 1002 1984 1044 rex
2025 981 2109 1044 ab
2152 980 2457 1065 episcopo
2502 990 2565 1045 et
2607 981 2899 1046 urbanis

635 1066 892 1133 obsides
935 1066 1281 1151 accipiens,
1325 1062 1406 1127 ab
1451 1063 1629 1128 urbis
1681 1085 1762 1149 op
1813 1064 2156 1149 ugnatione
2201 1063 2507 1146 discedat,
2555 1065 2894 1150 quatinUS‚

633 1161 1079 1238 quocumque0
1135 1157 1198 1214 et
1241 1147 1497 1236 quando
1542 1171 1661 1212 rex
1704 1170 1781 1212 ve
1810 1148 1874 1228 ‘t,
1931 1146 2102 1211 idem
2160 1148 2501 1234 episcopus
2556 1150 2893 1213 rationem

631 1235 997 1300 redditurus
1041 1231 1326 1298 accedat.
1411 1230 1821 1317 Ragenaldus
1852 1232 2033 1297 ducis
2062 1234 2346 1296 animum
2376 1253 2445 1295 re
2495 1232 2510 1246 “
2592 1231 2889 1296 erferens

633 1341 711 1384 ac
776 1315 1114 1384 consilium
1171 1313 1560 1403 approbans,
1617 1316 1688 1379 id
1744 1316 1881 1382 fieri
1942 1314 2271 1381 suadebat.
2383 1255 2547 1380 Offii
2594 1315 2889 1402 ibusque

634 1404 908 1489 sumptis
951 1402 1220 1484 idoneiS,
1275 1423 1394 1464 rex
1452 1399 1853 1464 obsidionem
1914 1401 2014 1462 15.
2070 1399 2173 1463 die
2226 1398 2439 1483 solvit,
2490 1409 2749 1485 tempus
2800 1424 2891 1464 ue

633 1486 988 1552 audiendae
1032 1485 1343 1548 rationisd
1387 1492 1535 1568 post
1576 1483 1712 1547 dies
1754 1485 1839 1547 40
1883 1484 2003 1548 sub
2031 1484 2174 1570 ipsa
2200 1482 2642 1548 Kalendarum
2683 1485 2765 1548 Iu
2796 1486 2888 1548 ‘a-

632 1593 778 1634 rum
797 1582 815 1615 ¹
861 1569 965 1633 die
1011 1569 1355 1632 constituit.
1443 1565 1609 1630 Aliis
1640 1588 1709 1630 er
1755 1588 1791 1629 0
1830 1567 2085 1632 interim
2124 1569 2379 1650 curatiS‚
2423 1567 2561 1632 dies
2590 1565 2890 1632 habendi

635 1652 939 1738 colloquii
982 1652 1257 1715 advenit.
1361 1650 1449 1713 Et
1505 1649 1641 1713 dux
1743 1673 1779 1714 e
1834 1652 2161 1736 superiore
2213 1653 2471 1736 negotio
2524 1651 2887 1732 locuturuS,

636 1735 869 1802 obvius
911 1737 1051 1820 regi
1093 1735 1296 1799 affuit.
1360 1733 1752 1798 Declamatis
1795 1745 2010 1799 autem
2054 1757 2275 1800 eorum
2321 1736 2550 1818 causiS,
2587 1737 2703 1800 vix
2750 1735 2885 1800 sibi

635 1819 1135 1886 consentiebant.
1221 1819 1731 1904 Rationibusque
1788 1841 1918 1883 non
1974 1821 2128 1884 satis
2183 1818 2420 1884 utiliter
2473 1819 2885 1907 procedenti-

637 1905 776 1988 bus,
818 1902 975 1967 nihil
1014 1904 1163 1989 paci
1207 1902 1617 1968 commodum
1661 1903 2073 1968 constitutum
2118 1913 2232 1986 est,
2276 1915 2490 1988 preter
2576 1903 2709 1967 uod
2756 1904 2883 1970 sub

632 2009 794 2075 pace
837 1997 1166 2074 sequestra
1208 2009 1412 2073 usque
1455 1986 1543 2049 ad
1584 1986 1869 2051 medium
1898 1986 2180 2073 Augusti
2208 1989 2521 2052 rationem
2594 1987 2882 2055 istulere.

849 2127 951 2192 46.
1020 2125 1252 2192 Obitus
1296 2124 1729 2192 Theotflonise
1773 2125 2288 2190 Turonensiume
2332 2127 2640 2212 episcopi.

804 2247 947 2327 Quo
990 2256 1275 2332 tempore
1321 2269 1468 2312 cum
1505 2247 1771 2312 beataef
1806 2247 2157 2310 memoriae
2185 2245 2478 2311 Theotilo
2510 2245 2879 2311 Turonicae

631 2330 810 2396 urbis
866 2329 1084 2415 presul
1141 2332 1222 2396 de
1276 2329 1646 2396 renovanda
1702 2332 1869 2395 inter
1930 2330 2254 2415 principes
2308 2351 2467 2414 pace
2527 2331 2874 2396 vehemen-

630 2416 874 2481 tissime
920 2423 1208 2496 certaret,
1253 2426 1444 2500 atque
1488 2414 1586 2478 his
1630 2413 1981 2479 admodum
2026 2423 2377 2499 occupatus
2428 2413 2656 2479 studiis
2701 2415 2876 2479 Lau-

631 2501 803 2565 duno
868 2498 1242 2580 discederet,
1306 2497 1813 2596 peripleumonia
1876 2500 1945 2561 in
2006 2499 2029 2560 i
2078 2519 2147 2561 so
2212 2499 2438 2562 itinere
2504 2499 2873 2583 corripitur.

633 2585 816 2665 Quae
860 2605 1007 2646 cum
1043 2581 1463 2680 pulmombus
1507 2593 1821 2646 tumorem
1876 2603 1953 2645 ac
2004 2520 2323 2646 fgrvorem
2375 2583 2711 2664 incuteret,
2766 2585 2875 2647 die

633 2677 859 2753 quarta
927 2674 1063 2729 nati
1127 2666 1335 2730 morbi
1398 2667 1520 2728 hac
1584 2667 1717 2730 vita
1780 2666 2097 2751 migravit.
2185 2665 2479 2752 Cumque
2531 2666 2743 2730 adhuc
2804 2669 2875 2731 in

629 2751 836 2816 noctis
890 2758 1206 2834 tempesta
1263 2749 1559 2847 spiritum
1617 2747 1876 2831 efflaret,
1939 2771 2095 2814 mox
2147 2747 2404 2814 luminis
2460 2749 2693 2835 globus
2750 2773 2876 2849 per

630 2855 800 2915 aera,
846 2841 919 2895 ut
944 2831 1162 2916 fertur,
1207 2854 1504 2915 emlcanS,
1550 2831 1964 2931 vigilantibus
1993 2834 2167 2897 visus
2207 2843 2320 2898 est.
2390 2831 2595 2898 Cuius
2624 2833 2873 2900 lummc

632 2918 718 2982 ad
759 2916 962 2980 noctis
1006 2914 1415 3002 depellendas
1460 2916 1763 3002 caligmes
1809 2917 2197 2982 sufficienter
2237 2919 2357 3000 usi,
2403 2920 2515 3005 qui
2548 2920 2684 2983 eius
2731 2939 2871 2982 cor-

677 3025 754 3065 us
821 3001 1116 3065 exanime
1181 2999 1567 3083 deferebant,
1632 3024 1749 3087 per
1817 3002 1939 3065 150
2000 2999 2311 3066 miliaria²
2376 3024 2581 3088 usque
2637 3002 2870 3068 urbem

693 3086 1024 3149 uronicam
1068 3083 1258 3148 huius
1300 3083 1460 3148 lucis
1491 3084 1797 3149 solamine
1830 3106 2060 3170 corpus
2088 3085 2529 3150 beatissimum
2560 3085 2869 3163 detulere,

632 3171 702 3233 in
756 3167 1024 3232 basilica
1079 3169 1281 3233 sancti
1337 3168 1569 3234 Iuliani
1628 3169 1923 3251 martiris,
1992 3169 2166 3256 quod
2222 3169 2395 3233 idem
2447 3171 2549 3235 vir
2605 3179 2868 3236 sanctus

633 3274 885 3318 summa
924 3252 1316 3317 instruxerat
1355 3252 1684 3338 religione,
1729 3251 1929 3316 multa
1970 3254 2327 3318 reverentia
2371 3252 2781 3340 deponentes.

1095 3392 1220 3458 *47.
1289 3390 1525 3477 Captio
1570 3391 1781 3476 regis&
1824 3413 1865 3454 a
1906 3389 2381 3456 Nortmannise.

801 3510 944 3590 Quo
1004 3510 1272 3597 sepulto,
1340 3533 1487 3576 cum
1553 3510 1765 3575 adhuc
1820 3512 1985 3575 inter
2036 3533 2255 3610 regem
2314 3511 2673 3598 ducemque
2778 3535 2869 3576 ax

629 3591 806 3657 nulla
847 3597 1206 3680 composita
1249 3605 1417 3660 esset
1459 3605 1651 3682 atque
1694 3617 1811 3659 rex
1871 3595 2051 3660 dolos
2095 3595 2537 3660 slmulatorum
2580 3618 2710 3660 non
2755 3619 2867 3659 um

630 3676 1074 3763 perpenderet,
1120 3678 1384 3742 Erluino
1419 3680 1680 3764 suisque
1709 3677 1850 3743 aliis
1879 3681 2172 3766 sumptiS,
2209 3679 2618 3744 Rhodomum
2645 3680 2867 3762 rediit3

629 3760 720 3825 nil
761 3763 1003 3828 veritus
1047 3783 1196 3827 cum
1237 3763 1460 3847 paucis
1502 3761 1633 3826 illic
1672 3763 2017 3846 immorari,
2062 3783 2209 3829 cum
2238 3763 2410 3828 idem
2440 3766 2864 3829 consueverit.

749 3961 795 4015 a)
828 3963 918 4014 egi,
951 3972 1021 4013 su,
1052 3961 1126 4013 ab,
1159 3972 1220 4002 ne
1249 3963 1364 4004 abac.
1484 3959 1533 4014 b)
1565 3961 1661 4002 fact
1690 3962 1769 4003 dez.
1890 3961 1933 4014 c)
1966 3967 2173 4014 tempore
2206 3966 2361 4014 quand
2392 3964 2475 4004 del.
2596 3962 2643 4016 d)
2676 3975 2719 4005 a.
2747 3975 2785 4005 r.
2818 3963 2867 4003 in

631 4033 794 4072 mar-93
827 4021 892 4062 ati
921 4020 1036 4062 abeo.
1158 4017 1204 4072 e)
1237 4032 1277 4074 e,
1309 4021 1350 4060 si
1380 4020 1492 4060 abac.
1615 4018 1651 4072 f)
1684 4020 1730 4062 b.
1766 4031 1826 4063 m.
1859 4033 1895 4063 ο.
2020 4021 2067 4074 g)
2100 4033 2169 4076 re,
2199 4027 2241 4064 rt
2270 4024 2383 4064 absc.

781 4173 839 4242 1)
878 4176 1021 4228 circa
1056 4177 1272 4230 missam
1307 4178 1481 4231 sancti
1526 4177 1787 4230 Iohannis
1835 4177 1993 4231 Flod.
2158 4178 2215 4248 2)
2256 4180 2593 4233 Flodoardus
2632 4180 2863 4232 ducenta

629 4248 743 4301 fere
782 4249 932 4301 milia
967 4251 1172 4303 scribit.

3013 3599 3018 3720 ⁴

3013 3765 3018 3940 1
