3059 4834
777 262 1082 316 RICHERI
1119 264 1623 317 HISTORIARUM
1659 265 1882 318 LIBER
1916 265 2026 317 111.
2469 267 2540 318 87

299 442 498 498 ceret.
563 431 792 517 Equus
835 452 988 516 ergo
1034 452 1151 515 per
1191 431 1371 494 invia
1411 440 1692 514 coactus,
1737 434 1975 518 cespite
2006 433 2273 499 offendit
2306 443 2669 521 atque2254.

305 515 683 602 prolabitur.
780 514 925 579 Rex
985 535 1138 578 vero
1203 514 1581 599 gravissime
1644 517 1895 581 attritus
1961 537 2131 600 casu,
2198 527 2262 582 et
2313 538 2355 581 a
2404 518 2537 583 suis

296 609 638 685 exceptus,
693 619 842 662 cum
905 596 1103 663 multo
1163 599 1446 662 omnium
1504 601 1791 664 meroreb
1848 599 2083 666 Remos
2145 601 2535 686 deportatur.

305 683 564 748 Infestis
620 684 712 746 ita
755 703 836 746 ue
889 680 1214 747 doloribus
1269 690 1401 746 toto
1455 703 1724 769 corpore
1776 681 2150 752 vexabatur.
2249 685 2338 750 Et
2386 694 2538 771 post

299 765 622 831 diutinam
663 786 748 829 va
771 764 1077 830 itudinem
1134 765 1447 850 corruptis
1502 767 1767 830 interius
1808 768 2160 833 visceribus
2203 768 2285 833 ob
2314 768 2535 834 humo·

304 862 490 914 rumc
561 848 1092 936 superfluitatem,
1176 846 1541 914 elefanciasi
1620 859 1802 936 peste
1884 859 2019 915 toto
2089 851 2538 917 miserabiliter

305 955 576 1020 corpore
616 932 1036 1018 perfunditur.
1125 934 1274 1012 Qua
1315 932 1555 998 diutius
1585 933 1929 1018 confectus,
1971 935 2182 999 anno<¹
2224 937 2405 1020 regni
2434 937 2535 1000 sui

311 1019 411 1100 18,
475 1038 515 1081 a
557 1025 714 1082 natu
751 1025 967 1080 autem
1009 1016 1092 1080 36
1116 1028 1160 1098 ¹,
1219 1015 1390 1080 diem
1448 1017 1617 1082 vitae
1662 1016 1891 1083 clausit
1932 1027 2288 1084 extremum
2332 1019 2535 1105 sepul·
2556 1037 2683 1090 sept.
2716 1037 2765 1080 ο.

295 1111 537 1186 tusque
580 1110 676 1165 est
714 1101 783 1162 in
834 1099 1144 1165 coenobio
1201 1100 1657 1166 monachorum
1712 1102 1912 1167 sancti
1954 1101 2239 1188 Remigii
2253 1115 2298 1185 θ,
2362 1103 2536 1188 quod

296 1184 497 1250 distat
538 1184 668 1250 fere
687 1183 708 1226 f
730 1181 1002 1248 miliario
1033 1205 1162 1248 uno
1191 1184 1273 1248 ab
1297 1184 1476 1268 urbe,
1507 1205 1654 1248 cum
1675 1185 1889 1250 multis
1913 1187 2199 1251 omnium
2219 1185 2533 1252 lamentis.

993 1439 1370 1506 INCIPIT&
1411 1441 1680 1507 LIBER
1721 1443 1843 1508 III.

473 1562 529 1624 1.
588 1561 913 1626 Peractish
968 1570 1180 1626 autem
1226 1562 1537 1648 exequiis,
1594 1561 1957 1648 Gerbergai
2016 1565 2241 1650 regina
2295 1564 2538 1649 legatos

291 1644 522 1744 dirigit
576 1643 879 1709 fratribus
898 1644 919 1687 f
972 1645 1104 1708 suis
1117 1644 1152 1727 f,
1212 1644 1434 1710 Ottoni
1486 1646 1626 1732 regi
1683 1667 1760 1710 ac
1803 1648 2090 1712 Brunoni
2146 1670 2232 1713 ex
2284 1647 2539 1735 presule

294 1729 472 1810 duc1,
537 1750 788 1794 necnon
849 1739 913 1793 et
976 1727 1238 1813 Hugoni
1303 1727 1657 1794 Galliarum
1722 1731 1891 1813 duci,
1955 1742 2177 1818 petens
2234 1746 2369 1817 per
2407 1754 2539 1814 eos,

300 1812 673 1878 Lotharium
717 1811 918 1876 filium
962 1834 1150 1875 suum
1193 1813 1262 1876 in
1302 1835 1574 1899 regnum
1601 1816 1768 1899 patri
1800 1815 2101 1880 defuncto
2132 1816 2477 1881 succedere
2491 1827 2539 1879 ².

295 1895 678 1962 Adveniunt
720 1897 937 1994 itaque
980 1895 1063 1961 ab
1108 1894 1342 1962 Ottone
1386 1919 1454 1962 re
1503 1919 1539 1961 e
1558 1897 1587 1938 ¹⁸
1644 1919 1865 1962 omnes
1917 1922 2003 1963 ex
2056 1897 2174 1963 Bel
2223 1899 2321 1963 ’ca
2374 1899 2537 1964 duce

293 1981 607 2045 Brunone
696 1981 994 2066 rinclpes,
1039 1980 1153 2044 sed
1197 1989 1260 2044 et
1300 2001 1384 2044 ex
1495 1982 1781 2044 ermania
1824 1979 2042 2067 aliqui.
2107 1981 2170 2044 A
2218 1992 2315 2046 est
2340 1984 2535 2048 etiam

302 2064 499 2150 Hugo
554 2063 656 2127 Ga
702 2064 907 2128 iarum
962 2063 1116 2127 dux.
1217 2061 1624 2128 Conveniunt
1680 2085 1936 2150 quoque
1992 2064 2407 2150 Burgundiae
2474 2075 2537 2130 et

297 2148 366 2212 A
411 2149 689 2213 uitaniae
733 2146 1044 2233 simulque
1104 2156 1166 2212 et
1210 2145 1483 2212 Gothiae
1542 2148 1885 2233 principes.
1983 2148 2294 2234 Episcopi
2341 2150 2536 2213 etiam

299 2256 342 2298 e
367 2171 650 2297 (diversis
693 2232 1027 2316 regionum
1070 2229 1337 2294 urbibus
1380 2232 1785 2296 conveniunt.
1849 2232 2065 2319 Atque
2105 2231 2172 2295 hi
2214 2253 2434 2297 omnes
2468 2233 2535 2296 in

303 2316 529 2382 urbem
555 2316 904 2380 Remorum
945 2313 1115 2400 apud
1149 2313 1543 2400 Gerbergam
1589 2337 1657 2379 re
1704 2316 1876 2379 inam
1916 2317 2060 2414 pari
2100 2327 2251 2382 voto
2283 2314 2534 2381 collecti

301 2408 472 2465 sunt.
559 2399 866 2465 Omnium
909 2398 981 2461 fit
1024 2419 1389 2462 consensus.
1479 2398 1676 2464 Omni
1723 2421 1798 2463 us
1828 2420 2041 2463 ammo
2070 2400 2255 2481 inest,
2302 2398 2533 2465 Lotha-

301 2483 471 2548 rium
514 2485 681 2570 patri
725 2482 1025 2547 defuncto
1071 2480 1432 2546 succedere.

473 2587 531 2650 2.
596 2586 1061 2651 Universorum
1116 2584 1331 2671 itaque
1386 2605 1701 2648 consensu
1740 2606 1781 2647 a
1822 2583 2058 2648 domno
2102 2583 2371 2649 Artoldo
2416 2585 2534 2650 Re-

295 2691 555 2734 morum
597 2667 1102 2755 metropolitano,
1158 2667 1412 2732 favente
1456 2669 1757 2732 Brunone
1812 2669 1947 2732 eius
2001 2667 2316 2733 avunculo
2361 2669 2533 2754 prin·

297 2753 685 2840 cipibusque
729 2753 1124 2818 diversarum
1165 2753 1453 2837 gentium
1509 2750 1937 2833 laudantibus,
1992 2752 2331 2817 Lotharius
2376 2751 2533 2816 duo-

297 2837 564 2904 dennis¹
620 2860 738 2902 rex
792 2845 1041 2902 creatur
1083 2837 1149 2899 in
1205 2835 1470 2902 basilica
1529 2836 1735 2900 sancti
1786 2837 2063 2922 Remigii
2077 2849 2140 2918 ¹¹¹,
2197 2837 2307 2901 ubi
2353 2846 2536 2922 pater

299 2943 459 2986 suus
555 2919 899 2986 tumulatus
985 2941 1132 2984 cum
1217 2919 1358 2984 aliis
1443 2919 1704 3005 regibus
1788 2918 2054 3006 sepultis
2141 2920 2531 3007 quiescebat.

301 3004 707 3091 creatusque
749 3027 884 3086 rex,
927 3027 967 3068 a
1008 3014 1210 3069 matre
1257 3002 1589 3089 Gerberga
1644 3003 1960 3090 simulque
2020 3014 2083 3069 et
2132 3002 2535 3090 principibus

300 3089 736 3154 {Laudunum¹¹
750 3137 767 3171 ,
829 3089 945 3154 ubi
1008 3110 1092 3152 ex
1148 3090 1411 3174 antiquo
1471 3111 1541 3152 re
1588 3089 1649 3151 ia
1706 3111 1848 3152 esse
1912 3087 2097 3152 sedes
2162 3088 2534 3171 dinoscitur,

301 3184 498 3238 cum⁰
541 3193 778 3257 magna
818 3193 1033 3236 rerum
1074 3171 1422 3237 ambitione
1465 3173 1572 3236 inc
1596 3172 1719 3236 itus
1760 3171 2111 3238 deducitur.
2199 3173 2359 3236 Dux
2388 3193 2537 3237 con·

303 3259 482 3322 tinue
512 3257 574 3321 ei
600 3255 970 3321 individuus
997 3254 1259 3321 assidet.
1323 3255 1410 3321 Et
1436 3255 1521 3318 ad
1550 3254 1816 3320 multam
1844 3256 2014 3340 regis
2043 3253 2537 3320 benivolentiam

297 3342 594 3406 animum
655 3339 1010 3421 intendens,
1125 3349 1417 3437 ostquam
1480 3339 1805 3423 principes
1863 3339 1931 3401 in
1995 3360 2111 3402 sua
2167 3337 2536 3420 discessere,

305 3425 578 3512 privatis
607 3445 754 3488 cum
782 3446 933 3509 rege
966 3420 1065 3486 col
1091 3423 1296 3509 oqui1s
1326 3423 1721 3487 coutebatur.
1783 3421 1871 3486 Et
1912 3430 1981 3486 ut
2024 3441 2178 3484 suae
2219 3418 2539 3487 fidelitatis

304 3510 610 3574 virtutem
651 3507 907 3594 penitus
951 3506 1431 3586 demonstraret,
1483 3526 1702 3590 regem
1756 3506 2021 3604 eiusque
2078 3513 2345 3570 matrem
2390 3525 2538 3569 suas

304 3591 502 3658 nrbes
546 3601 610 3658 et
654 3615 737 3677 op
787 3589 897 3654 ida
935 3590 1003 3652 in
1043 3597 1178 3654 tota
1217 3589 1516 3654 Neustria
1557 3589 1764 3653 visere
1804 3597 1966 3674 petit
2009 3588 2397 3689 obtinetque.

479 3675 540 3740 3.
602 3675 708 3740 De
753 3675 962 3739 ucitur
1017 3694 1172 3758 ergo
1231 3694 1272 3736 a
1322 3672 1488 3737 duce
1544 3693 1662 3736 rex
1719 3694 1867 3737 cum
1911 3681 2112 3736 matre
2154 3693 2379 3757 regma
2419 3693 2540 3759 per
2558 3698 2664 3742 055.

305 3759 677 3826 Neustriam
713 3780 788 3823 ac
829 3757 912 3825 ab
942 3778 1017 3822 eo
1049 3756 1493 3822 decentissime
1523 3757 1844 3842 excipitur
1869 3755 2117 3839 Parisii,
2156 3754 2539 3839 Aurelianis,

433 3903 479 3956 a)
523 3908 569 3945 et
603 3905 642 3944 1.
792 3900 839 3953 b)
881 3904 1009 3944 luctu
1042 3905 1081 3942 1.
1234 3900 1278 3952 c)
1319 3901 1558 3942 humorem
1592 3903 1633 3940 1.
1783 3898 1830 3951 d)
1879 3911 2003 3941 anno
2036 3921 2091 3930 —
2124 3902 2291 3938 xxxvt
2320 3900 2370 3939 in
2398 3910 2538 3949 mara.

305 3960 360 4014 ο)
390 3963 448 4004 R.
479 3975 516 4003 c.
621 3962 661 4015 f)
690 3967 789 4012 post
821 3962 922 4003 aad.
1031 3960 1078 4013 g)
1111 3961 1214 4000 haee
1241 3961 1289 4000 in
1319 3971 1457 4010 maro.
1485 3965 1588 4010 post
1618 3960 1719 4002 add.
1829 3956 1877 4010 h)
1910 3960 1964 4000 P.
1997 3969 2041 4000 a.
2072 3968 2113 4000 c.
2143 3959 2246 4000 add.
2281 3959 2326 4001 2.
2423 3956 2459 4010 i)
2480 3957 2539 3999 G.

311 4031 423 4062 vero
455 4032 492 4063 r.
527 4023 568 4062 1.
705 4019 753 4073 k)
788 4032 824 4063 r.
853 4021 1039 4070 Belgici
1067 4031 1136 4072 pr.
1173 4021 1212 4062 1.
1340 4018 1376 4062 1)
1404 4024 1503 4068 ροσε
1533 4018 1635 4059 add.
1666 4020 1714 4058 in
1744 4018 1835 4057 Ζοσο
1866 4028 2001 4057 vacuo
2032 4017 2193 4058 relicto.
2315 4015 2379 4068 ιιι)
2410 4017 2467 4059 R.
2500 4028 2537 4058 o.

309 4080 366 4133 a)
398 4081 586 4122 laudum
617 4091 652 4120 c.
787 4077 833 4130 o)
895 4080 1073 4120 deletum
1101 4077 1178 4120 sed
1203 4083 1352 4129 postea
1382 4078 1625 4118 restitutum
1664 4077 1851 4117 videtur.

467 4173 524 4241 1)
565 4174 675 4228 Sed
716 4192 763 4227 c.
802 4175 855 4227 4.
893 4174 1253 4242 quindennem
1292 4189 1413 4226 eum
1450 4189 1675 4240 regnum
1713 4173 1989 4240 accepisse
2030 4141 2187 4225 dixit.⁸
2318 4170 2379 4240 2)
2417 4169 2543 4224 Flo·

207 4324 211 4328 ἡ
309 4249 509 4300 dom-di
545 4251 902 4300 narrationem
940 4247 1100 4300 valde
1139 4247 1435 4314 ampliavit.
