3059 4834
728 256 1035 308 RICHERI
1072 258 1576 310 HISTORIARUM
1611 260 1836 311 LIBER
1872 261 1950 311 11.
2139 243 2146 248 ὁ
2393 261 2461 311 81

227 445 390 508 ergo
436 422 749 520 oppidum
792 423 902 486 in²³¹
944 425 1087 509 ipso
1130 423 1511 510 crepusculo
1555 449 1596 490 a
1641 447 1918 510 grassae,
1973 427 2307 513 repentina
2351 448 2461 514 op-

225 516 622 593 pugnatlone
666 507 1160 606 circumquaque
1200 508 1523 573 infestant.
1697 518 1864 574 stant
1906 532 2158 598 quoque
2200 533 2462 597 magna-

222 591 487 654 nimiter
528 611 775 676 capere.
862 589 949 654 Et
978 613 1128 676 qula
1154 613 1379 657 revera
1422 591 1656 656 milites
1692 595 2112 678 paucissimos
2155 617 2461 681 armaque

225 675 343 738 vix
408 672 623 760 aliqua
685 675 996 756 sciebant,
1060 674 1492 740 indesinenter
1560 677 1741 741 vires·
1802 688 2070 743 exerunt
2139 681 2461 766 armisque

224 757 566 842 adurgent.
652 758 743 823 At
786 756 926 822 aliis
968 759 1269 857 fatigatiS,
1312 758 1423 823 alii
1475 761 1700 824 intacti
1753 762 2117 827 succedunt.
2221 762 2459 848 Sicque

220 843 368 905 sine
411 841 875 906 intermissione
918 843 1338 927 paucissimos
1390 844 1718 908 numerosi
1764 852 2059 909 atterunt.
2131 844 2457 931 Oppidani

222 947 383 989 vero
426 924 685 989 assidua
726 927 1197 1024 expugnatione
1240 927 1456 1009 attriti,
1498 927 1603 991 die
1647 926 1843 991 altera
1870 929 2002 992 iam
2030 928 2161 994 sole
2191 928 2461 993 occiduo

224 1030 451 1074 omnes
483 1031 628 1073 cum
657 1008 915 1074 dommo
945 1009 1029 1073 ad
1058 1009 1444 1076 deditionem
1475 1020 1806 1097 coguntur.
1862 1011 1977 1075 Inb
2010 1034 2137 1101 quo
2168 1012 2460 1095 tumultu,

222 1114 357 1178 quo
428 1115 663 1178 genere
726 1093 915 1178 fugae
978 1095 1288 1175 nescitur,
1350 1093 1548 1180 Hugo
1603 1094 1939 1160 abdicatus
1999 1096 2229 1162 evadit.
2319 1096 2461 1159 *De

220 1175 535 1243 militibus
587 1198 741 1241 vero
785 1177 895 1263 qui
936 1178 1217 1262 potiores
1259 1177 1643 1243 videbantur
1684 1179 2025 1265 capiuntur
2080 1201 2176 1262 ac,
2224 1179 2462 1265 oppido

218 1258 371 1324 aliis
415 1260 752 1347 deputatiS,
794 1261 935 1346 regi
979 1260 1400 1326 deducuntur.

754 1399 856 1463 84.
922 1399 1064 1462 Rex
1105 1399 1391 1464 Montem
1434 1400 1721 1464 Acutum
1764 1401 1958 1486 capit.

396 1518 577 1583 Rex¹
644 1540 795 1584 vero
860 1529 1145 1584 castrum
1209 1521 1382 1606 quod
1440 1519 1677 1586 dicitur
1729 1520 1918 1584 Mons
1961 1518 2226 1601 Acutus,
2290 1520 2463 1604 quod

222 1603 424 1666 etiam
478 1612 576 1667 est
630 1602 945 1667 Lauduno
1002 1605 1401 1690 contiguum,
1467 1625 1619 1668 cum
1683 1605 1970 1669 exercitu
2023 1625 2060 1667 o
2109 1604 2460 1688 pugnabat.

222 1685 317 1750 Et
360 1686 511 1772 quia
551 1708 683 1751 non
724 1689 876 1752 satis
919 1686 1129 1752 adhuc
1188 1709 1517 1753 murorum
1573 1687 1972 1753 firmamento
2019 1708 2055 1751 c
2081 1686 2458 1770 audebatur,

220 1790 349 1834 nec
406 1768 745 1835 multitudo
815 1770 1089 1836 militum
1146 1771 1469 1836 sufficiens
1535 1772 1869 1836 commode
1933 1770 2026 1835 ibi
2091 1769 2458 1835 cohabitare

222 1861 495 1940 poterat,
569 1876 647 1920 ur
690 1848 819 1920 enti
891 1853 1211 1919 obsidioni
1280 1855 1518 1919 diutius
1591 1857 1883 1920 resistere
1957 1855 2265 1939 oppidani
2327 1876 2460 1918 non

220 1939 571 2036 patiuntur.
638 1877 813 2003 g'ieti
855 1959 1007 2022 ergo
1052 1938 1288 2024 cedunt
1329 1958 1406 2002 ac
1449 1938 1742 2002 resistere
1773 1939 2126 2023 quiescunt.
2193 1935 2298 2022 Op
2347 1938 2457 2002 ido

218 2029 439 2107 ltaque
498 2032 711 2108 capte,
768 2043 886 2086 rex
940 2043 1088 2084 suos
1148 2021 1413 2106 deputat
1467 2029 1530 2084 et
1587 2022 1680 2084 sic
1731 2021 2082 2085 exercitum
2141 2019 2284 2081 Lau
2328 2041 2457 2083 uno

222 2103 503 2187 inducit;
574 2104 973 2171 obsidionem
1028 2126 1145 2189 per
1208 2103 1354 2168 loca
1412 2102 1753 2168 commoda
1817 2102 1915 2166 dis
1967 2103 2102 2166 onit
2161 2103 2456 2189 viresque

220 2187 576 2253 admodum
621 2187 907 2252 confert⁰
926 2211 941 2225 ·
962 2198 1006 2250 ².
1094 2191 1118 2214 *
1138 2185 1524 2272 Saepissime
1568 2187 1859 2251 eminus(¹
1949 2194 2295 2250 ecertatum
2341 2195 2457 2254 est.

224 2270 607 2336 Comminus
652 2272 844 2334 etiam
888 2268 1258 2334 dimicatum
1302 2270 1545 2335 novieS.
1630 2268 1819 2333 Nullo
1851 2291 2004 2334 vero
2034 2269 2458 2367 prosperioris

220 2354 519 2417 fortunae
571 2374 871 2419 successu
926 2353 1141 2453 regius
1197 2355 1474 2438 impetus
1533 2374 1608 2418 eo
1659 2363 1948 2439 tempore
2000 2352 2247 2417 enitult.
2331 2353 2459 2416 Im-

2490 447 2594 489 948.

2480 1105 2496 1124 ⁸
2510 1121 2555 1160 p.
2589 1109 2695 1150 60⁷.

2477 2199 2494 2219 *
2514 2203 2600 2247 fol.
2631 2203 2727 2246 29'.

224 2436 516 2501 minebat
543 2437 777 2500 etenim
804 2436 1029 2500 hiemis
1057 2437 1484 2523 mtemperies,
1529 2436 1700 2502 unde
1738 2447 1802 2502 et
1827 2435 2096 2501 bellicae
2125 2436 2476 2501 machinae.

222 2521 296 2582 in
314 2533 338 2563 θ
401 2519 669 2584 articulo
735 2521 1039 2606 temporis
1102 2519 1401 2585 fabricari
1457 2543 1589 2584 non
1644 2530 1956 2607 poterant,
2025 2520 2159 2584 sine
2222 2520 2454 2606 quibus

215 2604 388 2667 tanti
431 2605 665 2668 montis
708 2605 1051 2669 eminentia
1091 2605 1451 2690 expugnari
1493 2626 1624 2668 non
1671 2613 1902 2691 potest.
1999 2604 2096 2668 Re
2146 2604 2196 2667 ’s
2239 2607 2456 2690 itaque
2511 2678 2516 2681 ,

222 2687 406 2750 iussu
449 2689 768 2752 exercitus
811 2687 995 2770 redit,
1054 2687 1262 2752 hieme
1316 2697 1635 2753 transacta
1689 2688 2028 2753 rediturus.
2175 2709 2256 2752 ex
2296 2710 2454 2753 vero

219 2770 442 2834 Remis
486 2793 624 2836 sese
666 2772 1030 2856 privatum⁸¹
1071 2773 1331 2858 recepit.

393 2891 495 2956 85.
560 2891 757 2977 Hugo
799 2900 1012 2957 autem
1073 2890 1225 2974 dux,
1283 2889 1737 2978 episcoporum
1789 2891 2130 2957 anathema
2183 2892 2455 2978 vilipen-

218 2973 381 3039 dens
424 2996 502 3039 ac
543 2977 681 3059 regi
723 2976 913 3040 subdi
956 2985 1432 3063 contempnenS,
1476 2999 1626 3040 cum
1668 2976 1884 3040 multis
1913 2975 2454 3040 Nortmannorum

217 3059 431 3144 copiis
502 3059 787 3144 regiam(¹
856 3059 1083 3124 urbem
1157 3060 1606 3126 Suessonicam
1686 3082 1772 3145 ag
1853 3059 2062 3125 editur
2130 3058 2328 3124 multa
2374 3081 2456 3123 ue

217 3140 559 3207 obsidione
602 3143 854 3228 premit.
920 3142 1099 3208 Alios
1144 3145 1233 3209 ita
1277 3166 1358 3208 ue
1400 3143 1708 3208 adorsusf
1813 3142 1958 3207 adio
2003 3153 2244 3226 enecat,
2358 3165 2454 3207 ios

220 3247 377 3290 vero
420 3225 591 3291 nube
634 3229 1011 3312 sagittarum
1054 3249 1131 3291 ac
1172 3227 1256 3291 ba
1280 3229 1545 3291 istarum
1587 3226 1757 3292 loeta
1781 3231 1901 3290 iter
1929 3227 2188 3290 sauciat.
2251 3226 2456 3290 Iniec-

216 3309 434 3395 tisque
491 3309 697 3375 iaculo
760 3309 1038 3395 ignibus,
1105 3311 1368 3375 domum
1420 3312 1643 3375 matris
1699 3309 2044 3374 aecclesiae
2103 3306 2451 3371 succendit.

222 3391 719 3480 claustrumque
760 3394 1210 3458 canonicorum
1246 3417 1323 3459 ac
1360 3404 1612 3479 partem
1645 3392 1920 3457 civitatis
1958 3391 2266 3454 maiorem
2295 3391 2454 3476 igni-

217 3473 345 3540 bus
390 3476 525 3541 solo
569 3488 752 3543 tenus
794 3477 1162 3543 combussit.
1250 3480 1463 3560 Quam
1506 3497 1657 3540 cum
1687 3497 1917 3561 capere
1945 3494 2076 3537 non
2102 3483 2342 3559 posset,
2387 3475 2456 3537 in

217 3581 471 3645 ,pagum
525 3562 921 3642 Remensem,
984 3560 1098 3624 ubi
1158 3583 1277 3625 rex
1324 3571 1476 3626 tunc
1533 3559 1819 3644 privatus
1884 3559 2272 3640 morabatur,
2334 3558 2457 3623 iter

219 3644 623 3710 nuculenms
664 3644 931 3711 reflectit
946 3655 994 3708 8.
1084 3643 1283 3709 Cuius
1324 3643 1671 3708 adventum
1713 3643 1760 3706 ii
1805 3643 1915 3728 qui
1955 3643 2089 3706 ruri
2137 3640 2459 3728 degebant

218 3728 577 3812 audienteS,
619 3730 686 3792 in
726 3727 1067 3793 aecclesias
1110 3738 1475 3793 sanctorum
1504 3748 1654 3791 cum
1682 3727 1815 3790 suis
1845 3726 2036 3792 rebus
2067 3725 2458 3810 confugiunt.

222 3810 320 3876 At
357 3813 646 3877 tirannus
674 3833 1031 3898 pauperum
1064 3812 1267 3877 turbis
1294 3810 1743 3893 inmisericors,
1789 3831 2010 3876 eorum
2027 3812 2055 3852 ⁸¹
2082 3810 2227 3896 plus
2258 3831 2452 3896 quam

348 3983 395 4035 a)
426 3984 477 4024 in
503 3985 535 4024 i.
569 3994 629 4024 cr.
656 3988 758 4033 pose
787 3983 887 4025 add.
958 3980 1004 4034 b)
1039 3983 1226 4033 nugoni
1258 3983 1394 4024 datur
1424 3993 1447 4022 r
1474 3981 1662 4022 scribere
1689 3986 1894 4032 coeptum.
1957 3978 1998 4031 c)
2033 3981 2244 4021 conferre
2278 4009 2289 4021 .
2310 4007 2321 4018 .
2345 4005 2358 4019 .
2376 4007 2389 4020 .
2412 4011 2426 4023 .
2445 4010 2458 4022 .

222 4042 593 4142 ssssgstffinfem'
741 4040 788 4094 d)
813 4047 914 4092 poet
944 4043 1043 4083 aad.
1188 4043 1232 4094 e)
1264 4044 1315 4083 in
1344 4052 1388 4084 a.
1422 4046 1455 4084 t.
1482 4042 1532 4080 in
1563 4051 1700 4090 mara.
1845 4038 1883 4092 f)
1917 4050 1937 4078 e
1967 4051 2082 4082 corr.
2222 4037 2270 4091 g)
2303 4049 2364 4081 m.
2396 4042 2460 4079 tr.

384 4231 438 4299 1)
497 4233 626 4284 Dux
666 4231 943 4286 Conradut
992 4233 1147 4287 Flod.
1317 4231 1375 4300 2)
1432 4234 1588 4284 Haec
1626 4231 1906 4284 Richerus.

1949 4316 1990 4380 6
