3059 4834
721 221 1029 273 RICHERI
1067 221 1574 275 HISTORIARUM
1612 222 1835 273 LIBER
1872 224 2008 274 1111.
2382 225 2485 277 155

403 391 508 454 54.
599 386 838 453 Contra
880 388 1040 453 haec
1084 410 1230 454 cum
1273 388 1534 488 quidam
1561 387 1975 454 residentium
2003 390 2478 477 responderent,
2506 410 2612 451 991.

228 472 602 541 huiusmodi
645 472 968 537 hominem
1069 481 1436 538 uantotlusa
1490 473 2002 538 convincendum
2056 485 2118 540 et
2168 478 2260 539 sic
2311 478 2477 540 iusto
2495 469 2704 570 325¹}
2744 527 2768 567 3

228 558 462 623 iuditio
521 556 918 642 puniendum
935 570 977 639 1,
1087 559 1342 643 iguinus
1409 560 1751 644 episcopus
1816 580 1945 622 non
2004 558 2071 622 id
2136 582 2275 624 sese
2337 582 2478 645 per·
2541 539 2566 569 ⁰
2624 554 2636 567 ⁶
2699 557 2708 568 '
2775 553 2786 568 ’

228 644 584 706 missurum
627 640 974 727 respondit,
1019 651 1091 706 ut
1129 644 1204 722 is,
1252 642 1363 727 qui
1405 644 1753 706 maiestatis
1783 664 1927 706 reus
1956 653 2314 727 accusatur,
2358 644 2477 709 sub

232 724 622 790 discutiendi
667 746 933 789 censura
973 736 1269 810 ponatur,
1311 726 1436 788 nisi
1477 737 1625 790 ante
1657 749 1738 791 ex
1766 726 2173 790 iureiurando
2205 730 2474 813 promis·

234 811 482 873 sionem
524 807 956 893 indulgentiae
999 810 1081 873 ab
1126 809 1384 893 regibus
1430 819 1493 873 et
1536 833 1569 873 e
1617 812 1855 909 iscopis
1897 812 2190 897 accipiat.
2271 811 2477 897 quue

232 893 603 958 faciendum
656 893 978 957 asserebat
1037 914 1121 957 ex
1174 891 1425 957 concilii
1477 894 1574 958 To
1601 905 1771 958 etam
1824 896 2031 980 capite
2073 896 2175 959 31.
2266 893 2478 978 Quod,

238 978 390 1063 quia
434 976 733 1043 brevitati
775 977 1124 1059 studemus,
1176 979 1506 1041 omisimus
1550 1000 1807 1063 ponere.

433 1134 572 1197 541
661 1132 1166 1198 Sermocinatiol’
1210 1134 1544 1199 Daibertib
1587 1135 1746 1218 prob
1788 1134 2012 1198 iuditio
2057 1134 2287 1199 dando·

404 1235 756 1301 Daibertus
814 1235 1310 1300 Bituricensium
1369 1236 1583 1299 archie
1633 1237 1928 1320 iscopus⁰
1981 1238 2221 1302 dixit2:
2290 1237 2479 1303 ‘Cum
2503 1276 2541 1307 e.
2575 1265 2620 1304 4.

238 1330 485 1385 constet
526 1318 787 1401 factum,
848 1330 912 1384 et
953 1320 1032 1383 de
1075 1321 1331 1384 nomine
1372 1318 1525 1383 facti
1610 1318 1876 1383 ubitatio
1921 1321 2093 1385 nulla
2136 1324 2235 1403 sit,
2283 1342 2478 1408 quan·

237 1416 371 1469 tum
463 1424 676 1489 uoque
718 1404 963 1467 facinus
1007 1402 1458 1489 perpendatur,
1502 1403 1821 1489 quomodo
1853 1426 1936 1467 ex
1963 1408 2337 1471 necessitate
2367 1428 2475 1471 reo

240 1491 320 1551 sit
361 1490 432 1551 in
479 1485 845 1571 ulgendum,
905 1489 1157 1572 penitus
1202 1508 1330 1549 non
1372 1486 1657 1551 adverto,
1744 1486 1872 1550 Hic
1930 1492 2101 1553 enim
2154 1492 2474 1553 incurrere

239 1573 589 1637 necessitas
631 1569 902 1651 videtur,
947 1592 1092 1634 cum
1134 1570 1429 1634 iuditium
1473 1570 2010 1657 promulgandum
2052 1595 2183 1637 non
2212 1576 2311 1656 sit,
2358 1574 2482 1637 nisi

239 1658 418 1741 prius
464 1678 539 1718 su
588 1653 764 1739 plicii
806 1653 1200 1737 indulgentia
1230 1655 1665 1719 convincendo
1698 1675 1999 1720 concessa
2027 1656 2233 1722 fuerit.
2308 1658 2397 1720 At
2426 1659 2481 1721 si

241 1740 322 1803 ad
381 1760 487 1803 sec
555 1740 690 1801 aria
746 1740 888 1801 iura
950 1740 1352 1865 respiciatur,
1421 1739 1874 1824 quodcumque
1939 1740 2145 1805 scelus
2212 1743 2480 1826 quisque

245 1824 649 1904 commiserit,
695 1821 1044 1886 secundum
1128 1820 1380 1886 sceleris
1411 1822 1675 1885 modum
1703 1824 2128 1907 poenitentiae
2159 1825 2481 1888 severitati

243 1904 630 1971 subiacebit'.

409 1991 508 2055 55.
594 1990 954 2054 Herivevus
997 1987 1408 2053 Belvacensis
1453 1991 1789 2074 episcopus
1834 1989 2030 2053 dixit:
2084 1987 2482 2054 ‘Cavendum

241 2096 642 2159 summopere
707 2082 834 2154 est,
899 2096 980 2137 ne
1040 2072 1098 2136 le
1147 2095 1214 2136 es
1271 2073 1519 2136 divinas
1587 2072 1946 2137 forensibus
2013 2096 2158 2137 com
2207 2096 2478 2137 aremus·

239 2158 594 2223 Plurimum
637 2158 850 2221 enimd
893 2177 933 2218 a
976 2179 1043 2221 se
1131 2157 1398 2236 ifferunt‚
1449 2179 1597 2221 cum
1628 2156 1986 2220 divinarum
2018 2160 2099 2221 sit
2173 2180 2207 2220 e
2238 2156 2479 2222 aeecle-

239 2244 509 2307 siasticis
553 2243 824 2326 negotiis
866 2249 1139 2304 tractare
1183 2250 1246 2304 et
1291 2239 1671 2304 secularium
1728 2239 2117 2304 secularibus
2171 2240 2480 2305 adhiberi.

243 2327 534 2406 Quarum
637 2328 834 2389 rimae
891 2334 1065 2388 tanto
1125 2323 1436 2388 secundas
1489 2333 1810 2408 superant,
1874 2335 2110 2410 quanto
2166 2325 2483 2389 secundae

237 2412 461 2496 primis
504 2411 571 2472 in
600 2410 834 2473 eriores
877 2418 1041 2471 sunt.
1114 2408 1302 2471 Unde
1347 2417 1409 2472 et
1451 2408 1682 2471 divinis
1712 2430 1827 2493 per
1858 2410 2071 2472 omnia
2100 2431 2252 2473 suus
2280 2409 2485 2473 honor

241 2493 594 2558 servandus
639 2502 751 2556 est.
820 2490 892 2555 Si
933 2514 1084 2577 ergo
1127 2492 1322 2555 frater
1364 2501 1427 2555 et
1469 2493 1889 2577 coepiscopus
1932 2503 2150 2557 noster
2178 2492 2485 2557 Arnulfus

239 2579 589 2642 maiestatis
633 2598 778 2639 reus
822 2578 1152 2641 convictus
1198 2573 1404 2655 fuerit,
1449 2597 1567 2674 pro
1615 2575 1990 2639 sacerdotali
2032 2578 2387 2641 reverentia
2424 2585 2487 2640 et

243 2662 571 2747 sanguinis
626 2658 932 2723 affinitate
990 2681 1029 2722 a
1087 2660 1503 2723 serenissimis
1562 2659 1823 2743 regibus
1867 2658 2326 2745 indulgendum
2370 2660 2481 2725 ali-

242 2756 557 2831 quatenus
598 2766 727 2807 non
771 2744 1002 2809 abnuO.
1074 2742 1296 2806 Iuditii
1336 2752 1552 2806 tamen
1596 2745 2016 2807 sententiame
2064 2746 2321 2808 omnino
2351 2766 2482 2808 non

240 2830 503 2976 effuglifet
522 2877 538 2908 ,
577 2830 659 2977 bsi
724 2849 839 2939 s‚ua
903 2826 1298 2891 confessione
1361 2827 1663 2912 indignus
1730 2826 2108 2892 sacerdotali
2174 2828 2483 2913 dignitate

240 2915 410 2977 man‘
442 2922 576 2978 esta
624 2913 748 2974 itur
771 2960 784 2974 .

599 3050 700 3112 56.
785 3048 1185 3133 Indignatiof
1221 3049 1581 3113 Brunonisf
1617 3051 1683 3113 in
1726 3048 2066 3113 Arnulfum
2086 3050 2121 3113 f.

410 3151 627 3215 Bruno
649 3150 1075 3235 Lingonensis
1099 3152 1440 3249 episcopus
1463 3150 1657 3215 dixit:
1682 3152 1891 3214 ‘Hunc
1915 3152 2084 3217 unde
2106 3152 2252 3214 hicd
2276 3173 2485 3215 sermo
2509 3180 2547 3209 e.
2580 3168 2620 3209 5.

241 3234 516 3301 habetur
558 3236 625 3297 in
669 3233 788 3297 has
829 3236 1116 3298 miserias
1158 3236 1576 3319 precipitasse
1611 3234 1853 3315 videor,
1900 3256 2046 3297 cum
2076 3243 2299 3298 contra
2327 3233 2484 3296 mul-

241 3332 456 3384 torum
498 3318 814 3383 bonorum
855 3326 1005 3380 vota
1056 3318 1140 3381 ad
1197 3318 1456 3381 honoris
1521 3318 1772 3381 culmen
1828 3318 2114 3402 provexi.
2224 3316 2311 3379 Et
2363 3316 2488 3380 hoc

243 3426 375 3468 non
419 3400 621 3466 solum
665 3411 930 3487 propter
973 3402 1180 3463 carnis
1224 3401 1597 3464 affinitatem
1643 3400 1843 3481 effeci,
1898 3400 2013 3463 sed
2056 3402 2248 3465 etiam
2289 3410 2361 3463 ut
2404 3400 2489 3463 ad

244 3486 523 3552 melioris
566 3487 736 3549 vitae
781 3494 1015 3548 statum
1056 3483 1234 3547 illum
1275 3482 1690 3565 attraherem,
1747 3504 1894 3547 cum
1935 3505 2065 3547 non
2105 3486 2486 3569 ignorarem,

244 3574 459 3657 ipsum
487 3568 929 3633 Laudunensis
959 3567 1136 3632 urbis
1166 3589 1578 3654 pervasorem
1622 3571 1849 3652 *atque
1887 3566 2165 3633 nefariae
2194 3566 2486 3631 factionis
2507 3577 2525 3597 ’
2543 3593 2588 3632 1>-
2622 3579 2723 3623 645·

243 3655 658 3720 temerarium
715 3653 1106 3738 principem3
1173 3650 1290 3716 sub
1356 3652 1490 3715 iure
1558 3651 1922 3737 cirographi
1979 3652 2237 3737 regibus
2290 3651 2485 3716 fidem

249 3737 705 3825 spopondisse3
751 3759 868 3821 pro
911 3734 1085 3800 nullo
1125 3736 1427 3822 preterito
1472 3745 1584 3799 aut
1610 3734 1824 3800 futuro
1856 3745 2251 3800 sacramento
2284 3734 2478 3799 fidem

369 3925 416 3979 a)
450 3937 589 3975 quam
621 3927 710 3967 cito
747 3927 789 3965 1.
930 3923 979 3976 b)
1014 3926 1190 3977 Sermo,
1221 3925 1341 3965 berti
1370 3936 1469 3975 pro,
1502 3925 1563 3965 da
1592 3925 1733 3973 ὠρας
1766 3924 1922 3966 Oratio
1953 3926 2009 3965 D.
2045 3927 2085 3965 1.
2223 3923 2265 3976 c)
2297 3925 2357 3965 D.
2394 3928 2491 3975 epi·

247 3997 418 4037 scopus
453 3988 494 4027 1.
617 3984 663 4037 d)
691 3990 792 4035 post
822 3984 922 4025 add.
1044 3983 1088 4036 6)
1121 3986 1414 4025 severitatem
1447 3986 1487 4025 1.
1608 3982 1645 4034 f)
1678 3983 1779 4035 Ind,
1809 3986 1920 4035 Bru,
1951 3982 2237 4035 Ar(nulfum)
2271 3985 2388 4025 absc.

401 4116 458 4184 1)
495 4117 650 4168 Haec
689 4118 948 4170 Richerus
987 4116 1214 4169 addidit.
1346 4113 1404 4182 2)
1445 4117 1713 4168 Orationis
1751 4131 1965 4166 sensum
2004 4114 2105 4165 hoc
2146 4120 2199 4165 et
2238 4119 2487 4183 sequenti

253 4204 377 4256 cap.
417 4196 604 4241 auctor
643 4191 883 4242 mutavit.
