3059 4834
380 604 400 625 ⁸
417 619 463 660 p.
497 607 600 650 5⁷0.

357 1267 375 1288 ⁸
395 1269 475 1313 fol.
508 1272 533 1311 8
547 1271 593 1313 b.

404 2616 421 2636 ⁶
438 2620 519 2661 sol.
552 2622 596 2661 2.

473 2683 596 2722 cont.

385 3207 402 3227 ⁶
419 3210 500 3255 rol.
531 3211 592 3254 2‘.

622 253 656 302 4
1144 247 1452 301 RIC'HERI
1489 247 1993 302 HISTORIARUM
2028 248 2251 301 LIBER
2287 249 2333 300 I.

620 418 942 504 principes
1007 418 1203 482 nimia
1265 439 1476 481 rerum
1541 415 1838 500 cupidine
1902 436 2038 482 sese
2100 416 2310 500 preire
2375 415 2847 501 contenderent,

621 502 889 588 quisque
930 509 1002 565 ut
1040 509 1292 586 poterat
1332 521 1467 564 rem
1509 498 1836 564 dilatabat.
1922 498 2127 563 Nemo
2162 501 2373 584 regis⁸
2410 509 2785 584 provectum
2796 503 2844 584 ¹³,

618 608 806 650 nemo
852 589 876 614 *
893 587 1076 670 regni
1127 582 1388 649 tutelam
1432 582 1757 669 querebat.
1842 581 2073 647 Aliena
2130 582 2213 647 ad
2262 582 2468 648 uirere
2525 607 2845 650 summum

619 671 852 755 cuique
895 680 1047 744 erat.
1125 668 1261 732 Nec
1304 690 1440 733 rem
1482 689 1665 732 suam
1706 665 2056 753 provehere
2100 666 2246 731 vide
2295 676 2454 749 atur,
2501 668 2611 755 qui
2654 669 2845 736 alieni

617 753 859 839 aliquid
902 775 1032 816 non
1073 750 1368 816 addebat.
1441 750 1631 819 Unde
1660 761 1725 816 et
1754 751 2035 818 omnium
2065 751 2405 818 concordia
2433 753 2501 816 in
2528 775 2843 820 summam

619 836 1006 902 discordiam
1039 834 1292 922 relapsa
1319 846 1434 901 est.
1508 835 1681 900 Hinc
1710 834 2115 922 direptioneS,
2158 835 2308 900 hinc
2337 836 2652 920 incendia,
2693 837 2843 904 hinc

617 944 830 986 rerum
886 922 1294 1006 pervasiones
1349 941 1645 985 exarsere
1662 932 1707 982 ⁰.
1792 919 1974 1000 Quae
2020 941 2166 984 cum
2209 920 2669 986 immanissime
2710 922 2845 1006 agi·-

615 1015 916 1085 tarentur,
1007 1005 1205 1070 iratae
1225 1017 1266 1085 ¹,
1358 1005 1424 1067 ui
1466 1001 1978 1070 Rhodomensem
2019 1003 2418 1088 provinciam
2459 1001 2844 1088 incolebant,

620 1111 783 1174 quae
827 1098 924 1154 est
1022 1087 1246 1154 elticae
1357 1086 1541 1151 alliae
1584 1108 1754 1174 pars,
1798 1087 1883 1151 ad
1925 1109 2138 1152 rerum
2180 1088 2643 1154 immanitatem
2686 1089 2841 1154 inci-

615 1183 846 1238 tantur.
932 1172 1115 1236 Haec
1163 1194 1322 1257 gens
1365 1169 1448 1236 ab
1492 1170 1715 1235 insulis
1770 1172 1993 1236 oceani
2051 1171 2599 1258 septentrionalis‘l
2640 1194 2843 1238 remo-

615 1256 881 1328 tioribus
925 1257 1038 1321 diu
1078 1265 1223 1320 ante
1267 1257 1530 1321 exierat.
1619 1260 1641 1284 *
1658 1255 1782 1319 Et0
1839 1278 1955 1341 per
2011 1257 2213 1322 maria
2270 1255 2540 1322 errando
2594 1255 2843 1322 classe(¹

615 1342 902 1422 devecta,
963 1362 1277 1404 summam
1333 1339 1497 1404 hanc
1544 1337 1897 1404 Galliarum
1938 1351 2188 1426 partem
2232 1341 2544 1425 attigerat.
2636 1340 2843 1430 Saepe

617 1447 871 1513 quoque
915 1447 1058 1489 eam
1101 1425 1294 1487 armis
1337 1423 1682 1509 impetivit,
1742 1445 1931 1510 saepe
1976 1425 2167 1488 etiam
2211 1447 2251 1488 a
2294 1434 2499 1488 terrae
2540 1425 2845 1510 principi-

615 1512 735 1574 bus
780 1509 1032 1573 devicta
1077 1508 1393 1573 occubuit.
1481 1507 1673 1590 Quod
1717 1528 1863 1570 cum
1906 1506 2226 1572 multoties
2271 1509 2435 1571 inter
2464 1529 2601 1572 sese
2631 1529 2844 1574 move-

615 1601 785 1675 rent,
850 1593 1059 1656 visum
1113 1591 1234 1656 fuit
1288 1589 1535 1656 Galliae
1592 1591 1991 1676 primatibus,
2058 1601 2129 1655 ut
2185 1590 2353 1655 dono
2406 1613 2631 1676 regum
2680 1590 2842 1658 haec

614 1677 951 1763 provincia
1005 1675 1066 1741 ei
1122 1675 1512 1740 conferretur
1532 1685 1588 1757 ²3
1652 1676 1743 1739 ita
1794 1683 2028 1756 tamen,
2092 1684 2181 1756 ut,
2238 1673 2533 1739 idolatria
2589 1677 2843 1762 penitus

615 1761 857 1842 relicta,
911 1759 1291 1824 christianae
1344 1759 1639 1844 religioni
1692 1781 1758 1824 se
1816 1757 2087 1823 fideliter
2148 1760 2543 1844 manciparet
2595 1779 2843 1828 necnon

617 1855 682 1910 et
749 1843 1008 1929 regibus
1081 1843 1434 1908 Galliarum
1497 1853 1669 1908 terra
1749 1842 2037 1929 marique
2108 1842 2378 1908 fideliter
2392 1843 2419 1884 ἅ
2489 1842 2789 1909 militaret
2803 1844 2838 1908 f.

614 1929 826 1994 Huius
868 1929 1236 2014 provinciae
1278 1926 1645 2013 metropolis
1665 1925 2070 1990 Rhodomum
2114 1948 2253 1991 esse
2298 1925 2666 2008 dinoscitur,
2720 1950 2839 1996 sex

615 2023 866 2078 tantum
901 2011 1187 2095 urbibus,
1217 2012 1475 2076 Baiocis
1503 2008 1823 2092 videlicet,
1852 2009 2268 2093 AbrincantO,
2298 2010 2586 2094 Ebrocis,
2622 2011 2835 2096 sagio,

619 2097 1048 2180 Constantiae,
1089 2096 1303 2160 Liscio
1321 2107 1366 2177 ³,
1410 2097 1544 2160 vim
1574 2117 1725 2159 suae
1756 2095 2203 2159 dominationis
2230 2095 2581 2160 intendens.
2648 2095 2837 2161 Hanc

615 2183 706 2246 ita
750 2205 831 2247 ue
861 2204 943 2246 ex
972 2181 1235 2266 antiquo
1264 2180 1348 2243 ad
1376 2179 1642 2266 piratisd
1719 2190 2073 2243 ossessam8
2101 2201 2257 2262 esse,
2286 2179 2693 2245 manifestum
2722 2188 2835 2248 est.

619 2265 704 2330 Se
805 2274 1074 2365 paterna
1121 2264 1316 2329 tuncd
1360 2264 1585 2329 sevitia
1687 2263 1881 2345 uetih,
1946 2263 2014 2328 in
2074 2264 2397 2350 principes
2460 2262 2837 2330 dissidentes

616 2349 822 2415 molir1
876 2358 1202 2414 conantur.
1288 2347 1478 2412 Unde
1521 2357 1585 2412 et
1625 2346 1969 2410 latrociniis
2012 2368 2088 2412 ac
2132 2345 2630 2412 discursionibus
2674 2348 2839 2412 Brit·

615 2436 900 2498 tanniam
942 2434 1273 2513 minorem,
1320 2454 1484 2517 quae
1527 2440 1623 2496 est
1668 2429 1914 2495 Galliae
1958 2432 2258 2517 contigua
2298 2441 2491 2530 atque
2540 2430 2836 2514 militans,

615 2519 912 2582 infestare
955 2515 1432 2601 aggrediuntur.
1517 2515 1765 2600 Reique
1811 2517 2211 2580 occasionem
2253 2527 2442 2596 nacti,
2494 2514 2686 2579 fidem
2728 2537 2834 2600 pe-

616 2603 786 2666 nitus
851 2598 1238 2684 abrumpunt
1300 2597 1690 2684 ulteriusque
1800 2597 2110 2662 rocedunt
2164 2601 2231 2664 in
2289 2597 2588 2664 Galliam.
2696 2601 2719 2625 *
2735 2599 2835 2662 Ac

618 2685 1115 2769 circumquaque
1167 2681 1472 2767 palantes,
1527 2680 1718 2768 longe
1798 2692 2023 2772 ateque
2068 2682 2521 2765 diffunduntur,
2576 2682 2836 2747 femina-

615 2791 778 2848 rum,
820 2788 1185 2853 puerorum,
1227 2765 1549 2851 pecudum
1585 2776 2065 2853 ceterarumque
2094 2790 2307 2832 rerum
2348 2790 2479 2832 non
2519 2766 2838 2830 modicam

615 2853 882 2938 predam
951 2849 1359 2915 abducentes.
1472 2851 1629 2914 Reci
1676 2851 1919 2914 iunturi
1977 2873 2126 2915 vero
2182 2873 2328 2916 cum
2385 2852 2483 2915 his
2542 2849 2837 2915 omnibus

615 2958 800 3001 secus
847 2935 1210 3020 Sequanam
1269 2933 1410 2999 loco
1470 2935 1581 3021 qui
1700 2933 1895 2999 ivoldi
1958 2934 2127 3000 fossa
2143 2945 2171 2981 ⁴
2224 2945 2651 3022 nuncupatur.
2736 2933 2835 3002 Ae

615 3021 785 3085 idem
814 3020 1028 3104 sepius
1059 3018 1363 3117 aggressi,
1409 3017 1656 3082 Galliae
1688 3017 1965 3083 Celticae
1992 3028 2259 3104 partem,
2306 3042 2469 3106 quae
2501 3018 2837 3105 Sequanae

614 3104 957 3189 Ligerique
1011 3101 1224 3166 fluvfis
1275 3103 1622 3184 interiacet,
1728 3125 1849 3168 uae
1864 3105 1892 3134 *
1950 3113 2014 3167 et
2065 3103 2362 3169 Neustria
2412 3113 2835 3189 nuncupatur,

614 3197 813 3254 totam
841 3209 1006 3273 pene
1034 3187 1326 3251 insectati
1355 3189 1564 3252 suntk.
1650 3189 1673 3212 *
1762 3188 1968 3273 'sque¹
1998 3189 2210 3252 animo
2241 3191 2462 3268 inerat,
2508 3188 2836 3253 interiores

618 3269 970 3336 Galliarum
1029 3281 1240 3356 partes
1294 3271 1647 3358 irrumpere
1704 3293 2049 3357 earumque
2091 3283 2312 3357 gentes
2366 3281 2478 3336 aut
2518 3293 2559 3334 a
2602 3271 2835 3337 finibus

613 3354 846 3442 pellere
898 3366 1010 3421 aut
1061 3356 1459 3440 gravissimis
1503 3355 1885 3420 substituere
1928 3355 2201 3422 tributis.
2285 3354 2365 3420 Id
2407 3355 2602 3420 etiam
2643 3364 2791 3419 ante
2808 3354 2837 3395 ἅ

761 3499 808 3565 ¹'‘)
849 3517 902 3566 q.
943 3506 995 3551 et
1032 3501 1097 3551 N.
1138 3517 1189 3550 n.
1227 3500 1356 3551 add.
1397 3500 1448 3551 2.

731 3625 776 3679 a)
812 3629 930 3676 regis
960 3639 1072 3667 corr.
1103 3628 1218 3679 eius,
1243 3632 1345 3677 pon
1373 3628 1558 3668 restituit
1591 3628 1632 3667 2.
1724 3625 1773 3679 b)
1806 3627 2045 3667 commoda
2078 3627 2118 3668 1.
2210 3625 2252 3677 o)
2285 3636 2501 3668 exarsere
2520 3650 2572 3658 —
2600 3628 2779 3669 exierat
2811 3629 2837 3668 Β

609 3689 658 3726 in
675 3687 766 3726 loco
781 3697 900 3726 raso.
975 3685 1022 3738 d)
1048 3688 1262 3736 postadd.
1353 3684 1397 3738 e)
1429 3687 1488 3726 Et
1509 3688 1634 3726 —in
1652 3685 1854 3726 Galliam
1891 3687 1940 3726 in
1981 3686 2178 3725 schedula
2202 3690 2304 3734 post
2334 3686 2410 3735 adj
2452 3690 2512 3726 ta.
2606 3685 2642 3738 f)
2676 3689 2839 3726 -rent

611 3757 726 3786 corr.
761 3750 900 3786 —ret.
1021 3743 1067 3796 Β)
1095 3757 1308 3796 possessa
1338 3750 1407 3786 ent
1435 3757 1548 3787 corr.
1578 3749 1625 3784 ut
1656 3746 1720 3786 ed.
1836 3742 1885 3795 h)
1920 3744 2044 3784 ducti
2080 3767 2131 3776 —
2165 3743 2369 3786 Galliam
2398 3745 2446 3783 in
2477 3746 2567 3785 loeo
2598 3757 2703 3786 rano
2734 3745 2837 3786 aliis

611 3805 769 3846 deletis.
874 3802 909 3856 1)
943 3805 1319 3856 recipiunturque
1352 3808 1393 3845 1.
1497 3802 1547 3856 k)
1574 3805 1712 3854 plura
1741 3814 1880 3844 erasa.
2000 3801 2034 3854 1)
2068 3802 2151 3842 His
2184 3806 2227 3844 1.

762 3934 819 4004 1)
855 3938 893 3987 i.
935 3951 983 3988 e.
1021 3937 1339 3998 Normanni‚
1397 3936 1489 4000 qui
1536 3940 1665 3986 tune
1724 3934 1959 3985 nondum
2010 3935 2363 3998 Rotomagum
2428 3935 2612 4004 adepti
2668 3941 2839 3988 erant.

614 4007 672 4074 2)
711 4010 795 4059 De
821 4015 979 4077 pacto
1009 4025 1129 4060 cum
1152 4008 1378 4060 Rollone
1419 4006 1555 4058 duee
1582 4025 1631 4059 a.
1652 4009 1777 4058 911.
1817 4008 1959 4058 fact-o
1996 4007 2144 4074 loqui
2181 4008 2406 4072 videtur,
2445 4025 2619 4061 rerum
2655 4014 2837 4077 gesta-

611 4098 728 4133 rum
767 4083 1007 4134 ordinem
1043 4081 1202 4132 valde
1239 4081 1473 4133 turbans.
1550 4082 1704 4143 Quod
1754 4082 1858 4131 hoc
1908 4080 2031 4132 loco
2080 4086 2201 4147 post
2237 4083 2435 4134 inserto
2475 4083 2679 4138 factum
2718 4100 2839 4136 esse

611 4161 777 4222 patet.
925 4156 983 4222 3)
1019 4154 1197 4205 Hodie
1235 4156 1474 4220 Bayeux,
1510 4154 1840 4218 Avranches,
1878 4155 2107 4217 Evreux,
2150 4153 2284 4206 seez
2323 4154 2512 4224 (prope
2550 4155 2839 4225 Alencon),

616 4227 934 4292 Coutances,
971 4228 1207 4279 Lisieux.
1356 4224 1414 4291 4)
1454 4226 1718 4291 Gefoss03·
1746 4227 1813 4280 cf.
1851 4227 2125 4280 Prudentii
2164 4228 2382 4281 annales
2420 4246 2467 4282 a.
2507 4230 2634 4283 856.
