<?xml version="1.0" encoding="UTF-8"?>
<!DOCTYPE html PUBLIC "-//W3C//DTD XHTML 1.0 Transitional//EN"
    "http://www.w3.org/TR/xhtml1/DTD/xhtml1-transitional.dtd">
<html xmlns="http://www.w3.org/1999/xhtml" xml:lang="en" lang="en">
 <head>
  <title>
</title>
<meta http-equiv="Content-Type" content="text/html;charset=utf-8" />
  <meta name='ocr-system' content='tesseract 3.04.00' />
  <meta name='ocr-capabilities' content='ocr_page ocr_carea ocr_par ocr_line ocrx_word'/>
</head>
<body>
  <div class='ocr_page' id='page_1' title='image "./richerihistoria00unkngoog_0189.png"; bbox 0 0 3059 4834; ppageno 0'>
   <div class='ocr_carea' id='block_1_1' title="bbox 504 447 607 490">
    <p class='ocr_par' dir='ltr' id='par_1_1' title="bbox 504 447 607 490">
     <span class='ocr_line' id='line_1_1' title="bbox 504 447 607 490; baseline 0 -2"><span class='ocrx_word' id='word_1_1' title='bbox 504 447 607 490; x_wconf 68' lang='lat' dir='ltr'><strong>ou.</strong></span> 
     </span>
    </p>
   </div>
   <div class='ocr_carea' id='block_1_2' title="bbox 398 1459 609 1513">
    <p class='ocr_par' dir='ltr' id='par_1_2' title="bbox 398 1459 609 1513">
     <span class='ocr_line' id='line_1_2' title="bbox 398 1459 609 1513; baseline -0.005 -8"><span class='ocrx_word' id='word_1_2' title='bbox 398 1459 473 1513; x_wconf 66' lang='grc' dir='ltr'><strong>Ἰ).</strong></span> <span class='ocrx_word' id='word_1_3' title='bbox 504 1461 609 1504; x_wconf 73' lang='lat'><strong>⁶⁵⁸.</strong></span> 
     </span>
    </p>
   </div>
   <div class='ocr_carea' id='block_1_3' title="bbox 504 2861 603 2903">
    <p class='ocr_par' dir='ltr' id='par_1_3' title="bbox 504 2861 603 2903">
     <span class='ocr_line' id='line_1_3' title="bbox 504 2861 603 2903; baseline 0.02 -2"><span class='ocrx_word' id='word_1_4' title='bbox 504 2861 603 2903; x_wconf 76' lang='lat'><strong>995.</strong></span> 
     </span>
    </p>
   </div>
   <div class='ocr_carea' id='block_1_4' title="bbox 620 257 2380 312">
    <p class='ocr_par' dir='ltr' id='par_1_4' title="bbox 620 257 2380 312">
     <span class='ocr_line' id='line_1_4' title="bbox 620 257 2380 312; baseline -0.002 -2"><span class='ocrx_word' id='word_1_5' title='bbox 620 263 727 312; x_wconf 78' lang='lat'><strong>1⁷2</strong></span> <span class='ocrx_word' id='word_1_6' title='bbox 1104 257 1411 310; x_wconf 71' lang='lat' dir='ltr'>111ch</span> <span class='ocrx_word' id='word_1_7' title='bbox 1444 257 1950 309; x_wconf 70' lang='lat' dir='ltr'><strong>mSTomAmm</strong></span> <span class='ocrx_word' id='word_1_8' title='bbox 1981 257 2204 308; x_wconf 69' lang='lat' dir='ltr'><strong>LIBER</strong></span> <span class='ocrx_word' id='word_1_9' title='bbox 2239 257 2380 308; x_wconf 84' lang='lat'><em>1111.</em></span> 
     </span>
    </p>
   </div>
   <div class='ocr_carea' id='block_1_5' title="bbox 618 424 2860 2603">
    <p class='ocr_par' dir='ltr' id='par_1_5' title="bbox 618 424 2860 2603">
     <span class='ocr_line' id='line_1_5' title="bbox 620 424 2860 513; baseline -0.001 -21"><span class='ocrx_word' id='word_1_10' title='bbox 620 426 863 492; x_wconf 83' lang='lat' dir='ltr'><strong>fluitate</strong></span> <span class='ocrx_word' id='word_1_11' title='bbox 918 447 1037 513; x_wconf 87' lang='lat' dir='ltr'><strong>pro</strong></span> <span class='ocrx_word' id='word_1_12' title='bbox 1088 427 1397 512; x_wconf 86' lang='lat' dir='ltr'><strong>temporis</strong></span> <span class='ocrx_word' id='word_1_13' title='bbox 1450 425 1892 488; x_wconf 77' lang='lat' dir='ltr'><strong>immutatione</strong></span> <span class='ocrx_word' id='word_1_14' title='bbox 1941 435 2214 488; x_wconf 77' lang='lat' dir='ltr'><strong>vexatus</strong></span> <span class='ocrx_word' id='word_1_15' title='bbox 2229 473 2248 506; x_wconf 93' lang='lat'><strong>,</strong></span> <span class='ocrx_word' id='word_1_16' title='bbox 2305 424 2374 486; x_wconf 90' lang='lat' dir='ltr'><strong>in</strong></span> <span class='ocrx_word' id='word_1_17' title='bbox 2413 424 2860 509; x_wconf 75' lang='lat' dir='ltr'><strong>egritudinem</strong></span> 
     </span>
     <span class='ocr_line' id='line_1_6' title="bbox 622 506 2860 598; baseline 0 -23"><span class='ocrx_word' id='word_1_18' title='bbox 622 531 789 598; x_wconf 79' lang='lat' dir='ltr'><strong>quae</strong></span> <span class='ocrx_word' id='word_1_19' title='bbox 830 533 871 574; x_wconf 89' lang='lat' dir='ltr'><strong>a</strong></span> <span class='ocrx_word' id='word_1_20' title='bbox 910 508 1175 595; x_wconf 77' lang='lat' dir='ltr'>phisicis</span> <span class='ocrx_word' id='word_1_21' title='bbox 1216 511 1552 595; x_wconf 72' lang='lat' dir='ltr'><strong>synantioe</strong></span> <span class='ocrx_word' id='word_1_22' title='bbox 1591 508 1862 572; x_wconf 79' lang='lat' dir='ltr'><strong>dicitur·</strong></span> <span class='ocrx_word' id='word_1_23' title='bbox 1907 506 2162 570; x_wconf 78' lang='lat' dir='ltr'><strong>decidit.</strong></span> <span class='ocrx_word' id='word_1_24' title='bbox 2259 508 2444 587; x_wconf 78' lang='lat' dir='ltr'><strong>Quae</strong></span> <span class='ocrx_word' id='word_1_25' title='bbox 2485 530 2640 572; x_wconf 88' lang='lat' dir='ltr'><strong>cum</strong></span> <span class='ocrx_word' id='word_1_26' title='bbox 2681 511 2860 575; x_wconf 82' lang='lat' dir='ltr'><strong>intra</strong></span> 
     </span>
     <span class='ocr_line' id='line_1_7' title="bbox 622 589 2856 681; baseline -0 -23"><span class='ocrx_word' id='word_1_27' title='bbox 622 593 811 681; x_wconf 79' lang='lat' dir='ltr'><strong>gulae</strong></span> <span class='ocrx_word' id='word_1_28' title='bbox 852 593 1153 658; x_wconf 89' lang='lat' dir='ltr'><strong>interiora</strong></span> <span class='ocrx_word' id='word_1_29' title='bbox 1194 593 1411 658; x_wconf 88' lang='lat' dir='ltr'><strong>sedem</strong></span> <span class='ocrx_word' id='word_1_30' title='bbox 1450 590 1706 672; x_wconf 88' lang='lat' dir='ltr'><strong>habeat,</strong></span> <span class='ocrx_word' id='word_1_31' title='bbox 1746 614 1832 654; x_wconf 83' lang='lat' dir='ltr'><strong>ex</strong></span> <span class='ocrx_word' id='word_1_32' title='bbox 1869 589 2184 655; x_wconf 87' lang='lat' dir='ltr'><strong>fleumatis</strong></span> <span class='ocrx_word' id='word_1_33' title='bbox 2233 595 2652 656; x_wconf 77' lang='lat' dir='ltr'><strong>rematismo</strong></span> <span class='ocrx_word' id='word_1_34' title='bbox 2701 616 2856 678; x_wconf 90' lang='lat' dir='ltr'><strong>pro-</strong></span> 
     </span>
     <span class='ocr_line' id='line_1_8' title="bbox 623 673 2852 820; baseline -0.001 -78"><span class='ocrx_word' id='word_1_35' title='bbox 623 699 865 764; x_wconf 82' lang='lat' dir='ltr'><strong>gressa,</strong></span> <span class='ocrx_word' id='word_1_36' title='bbox 906 687 1121 742; x_wconf 89' lang='lat' dir='ltr'><strong>tamen</strong></span> <span class='ocrx_word' id='word_1_37' title='bbox 1162 676 1505 762; x_wconf 87' lang='lat' dir='ltr'><strong>aliquando</strong></span> <span class='ocrx_word' id='word_1_38' title='bbox 1549 675 1634 739; x_wconf 89' lang='lat' dir='ltr'><strong>ad</strong></span> <span class='ocrx_word' id='word_1_39' title='bbox 1673 673 1966 738; x_wconf 82' lang='lat' dir='ltr'><strong>maxillas</strong></span> <span class='ocrx_word' id='word_1_40' title='bbox 2007 687 2072 739; x_wconf 93' lang='lat' dir='ltr'><strong>et</strong></span> <span class='ocrx_word' id='word_1_41' title='bbox 2109 697 2328 820; x_wconf 68' lang='lat' dir='ltr'><strong>genas,</strong></span> <span class='ocrx_word' id='word_1_42' title='bbox 2369 675 2718 773; x_wconf 73' lang='lat' dir='ltr'><strong>aliquando</strong></span> <span class='ocrx_word' id='word_1_43' title='bbox 2759 677 2852 741; x_wconf 85' lang='lat' dir='ltr'><strong>ad</strong></span> 
     </span>
     <span class='ocr_line' id='line_1_9' title="bbox 624 758 2852 846; baseline 0 -21"><span class='ocrx_word' id='word_1_44' title='bbox 624 773 907 826; x_wconf 86' lang='lat' dir='ltr'><strong>toracem</strong></span> <span class='ocrx_word' id='word_1_45' title='bbox 960 771 1025 825; x_wconf 85' lang='lat' dir='ltr'><strong>et</strong></span> <span class='ocrx_word' id='word_1_46' title='bbox 1076 759 1409 846; x_wconf 80' lang='lat' dir='ltr'><strong>pulmones</strong></span> <span class='ocrx_word' id='word_1_47' title='bbox 1462 771 1780 824; x_wconf 84' lang='lat' dir='ltr'><strong>tumorem</strong></span> <span class='ocrx_word' id='word_1_48' title='bbox 1837 781 1986 821; x_wconf 88' lang='lat' dir='ltr'><strong>cum</strong></span> <span class='ocrx_word' id='word_1_49' title='bbox 2035 758 2122 822; x_wconf 89' lang='lat' dir='ltr'><strong>do</strong></span> <span class='ocrx_word' id='word_1_50' title='bbox 2145 780 2254 822; x_wconf 89' lang='lat' dir='ltr'><strong>ore</strong></span> <span class='ocrx_word' id='word_1_51' title='bbox 2303 781 2492 844; x_wconf 79' lang='lat' dir='ltr'><strong>gravi</strong></span> <span class='ocrx_word' id='word_1_52' title='bbox 2541 761 2852 825; x_wconf 82' lang='lat' dir='ltr'><strong>immittit.</strong></span> 
     </span>
     <span class='ocr_line' id='line_1_10' title="bbox 626 839 2858 929; baseline 0 -21"><span class='ocrx_word' id='word_1_53' title='bbox 626 845 881 926; x_wconf 77' lang='lat' dir='ltr'><strong>Quibus</strong></span> <span class='ocrx_word' id='word_1_54' title='bbox 920 845 1313 909; x_wconf 79' lang='lat' dir='ltr'><strong>tumentibus</strong></span> <span class='ocrx_word' id='word_1_55' title='bbox 1352 857 1546 928; x_wconf 88' lang='lat' dir='ltr'><strong>atque</strong></span> <span class='ocrx_word' id='word_1_56' title='bbox 1583 839 1976 905; x_wconf 83' lang='lat' dir='ltr'><strong>ferventibus</strong></span> <span class='ocrx_word' id='word_1_57' title='bbox 2017 851 2284 927; x_wconf 85' lang='lat' dir='ltr'><strong>excepta</strong></span> <span class='ocrx_word' id='word_1_58' title='bbox 2323 843 2490 907; x_wconf 90' lang='lat' dir='ltr'><strong>initii</strong></span> <span class='ocrx_word' id='word_1_59' title='bbox 2531 843 2660 925; x_wconf 87' lang='lat' dir='ltr'><strong>die,</strong></span> <span class='ocrx_word' id='word_1_60' title='bbox 2701 853 2858 929; x_wconf 88' lang='lat' dir='ltr'><strong>post</strong></span> 
     </span>
     <span class='ocr_line' id='line_1_11' title="bbox 624 926 2858 1013; baseline -0 -21"><span class='ocrx_word' id='word_1_61' title='bbox 624 927 951 993; x_wconf 84' lang='lat' dir='ltr'><strong>diatritum</strong></span> <span class='ocrx_word' id='word_1_62' title='bbox 1058 929 1359 992; x_wconf 87' lang='lat' dir='ltr'><strong>atientem</strong></span> <span class='ocrx_word' id='word_1_63' title='bbox 1418 927 1694 1013; x_wconf 86' lang='lat' dir='ltr'><strong>perimit.</strong></span> <span class='ocrx_word' id='word_1_64' title='bbox 1797 926 1878 989; x_wconf 94' lang='lat' dir='ltr'><strong>In</strong></span> <span class='ocrx_word' id='word_1_65' title='bbox 1935 926 2102 989; x_wconf 83' lang='lat' dir='ltr'><strong>hanc</strong></span> <span class='ocrx_word' id='word_1_66' title='bbox 2153 927 2170 940; x_wconf 82' lang='lat'><strong><em>‘</em></strong></span> <span class='ocrx_word' id='word_1_67' title='bbox 2221 926 2348 989; x_wconf 81' lang='lat' dir='ltr'><strong>&#39;tur</strong></span> <span class='ocrx_word' id='word_1_68' title='bbox 2401 926 2552 991; x_wconf 91' lang='lat' dir='ltr'><strong>Odo</strong></span> <span class='ocrx_word' id='word_1_69' title='bbox 2605 926 2858 1012; x_wconf 86' lang='lat' dir='ltr'><strong>lapsus,</strong></span> 
     </span>
     <span class='ocr_line' id='line_1_12' title="bbox 624 1009 2858 1107; baseline -0.001 -31"><span class='ocrx_word' id='word_1_70' title='bbox 624 1011 869 1077; x_wconf 82' lang='lat' dir='ltr'><strong>infestis</strong></span> <span class='ocrx_word' id='word_1_71' title='bbox 1152 1010 1479 1076; x_wconf 88' lang='lat' dir='ltr'><strong>doloribus</strong></span> <span class='ocrx_word' id='word_1_72' title='bbox 1532 1011 2030 1107; x_wconf 74' lang='lat' dir='ltr'><strong>circumquaque</strong></span> <span class='ocrx_word' id='word_1_73' title='bbox 2077 1032 2122 1094; x_wconf 94' lang='lat' dir='ltr'><strong>p</strong></span> <span class='ocrx_word' id='word_1_74' title='bbox 2257 1009 2466 1074; x_wconf 84' lang='lat' dir='ltr'><strong>batur.</strong></span> <span class='ocrx_word' id='word_1_75' title='bbox 2565 1009 2858 1076; x_wconf 85' lang='lat' dir='ltr'><strong>Arteria-</strong></span> 
     </span>
     <span class='ocr_line' id='line_1_13' title="bbox 622 1094 2858 1182; baseline 0 -22"><span class='ocrx_word' id='word_1_76' title='bbox 622 1119 771 1160; x_wconf 89' lang='lat' dir='ltr'><strong>rum</strong></span> <span class='ocrx_word' id='word_1_77' title='bbox 814 1116 1071 1182; x_wconf 87' lang='lat' dir='ltr'><strong>quoque</strong></span> <span class='ocrx_word' id='word_1_78' title='bbox 1110 1095 1323 1160; x_wconf 85' lang='lat' dir='ltr'><strong>fervor</strong></span> <span class='ocrx_word' id='word_1_79' title='bbox 1362 1095 1670 1159; x_wconf 88' lang='lat' dir='ltr'><strong>sermonis</strong></span> <span class='ocrx_word' id='word_1_80' title='bbox 1710 1094 2178 1157; x_wconf 79' lang='lat' dir='ltr'><strong>intercisionem</strong></span> <span class='ocrx_word' id='word_1_81' title='bbox 2219 1095 2624 1179; x_wconf 78' lang='lat' dir='ltr'><strong>operabatur.</strong></span> <span class='ocrx_word' id='word_1_82' title='bbox 2710 1095 2858 1160; x_wconf 79' lang='lat' dir='ltr'><strong>Nec</strong></span> 
     </span>
     <span class='ocr_line' id='line_1_14' title="bbox 624 1176 2856 1265; baseline 0 -22"><span class='ocrx_word' id='word_1_83' title='bbox 624 1180 813 1265; x_wconf 89' lang='lat' dir='ltr'><strong>petiit</strong></span> <span class='ocrx_word' id='word_1_84' title='bbox 852 1178 1219 1243; x_wconf 85' lang='lat' dir='ltr'><strong>huiusmodi</strong></span> <span class='ocrx_word' id='word_1_85' title='bbox 1260 1176 1441 1242; x_wconf 92' lang='lat' dir='ltr'><strong>dolor</strong></span> <span class='ocrx_word' id='word_1_86' title='bbox 1493 1179 1726 1263; x_wconf 82' lang='lat' dir='ltr'><strong>capitis</strong></span> <span class='ocrx_word' id='word_1_87' title='bbox 1782 1178 2110 1262; x_wconf 79' lang='lat' dir='ltr'><strong>superiora</strong></span> <span class='ocrx_word' id='word_1_88' title='bbox 2124 1225 2144 1258; x_wconf 92' lang='lat'><strong>,</strong></span> <span class='ocrx_word' id='word_1_89' title='bbox 2195 1187 2262 1239; x_wconf 90' lang='lat' dir='ltr'><strong>at</strong></span> <span class='ocrx_word' id='word_1_90' title='bbox 2313 1178 2652 1263; x_wconf 78' lang='lat' dir='ltr'><strong>precordia</strong></span> <span class='ocrx_word' id='word_1_91' title='bbox 2757 1203 2856 1244; x_wconf 89' lang='lat' dir='ltr'><strong>er·</strong></span> 
     </span>
     <span class='ocr_line' id='line_1_15' title="bbox 624 1202 2860 1432; baseline 0 -21"><span class='ocrx_word' id='word_1_92' title='bbox 624 1261 2120 1432; x_wconf 49' lang='lat' dir='ltr'><strong>sffiffsstzaepfflffiaessmmafpsmffizffl</strong></span> <span class='ocrx_word' id='word_1_93' title='bbox 2145 1258 2400 1408; x_wconf 59' lang='lat'><strong>{23:³55</strong></span> <span class='ocrx_word' id='word_1_94' title='bbox 2456 1202 2860 1412; x_wconf 48' lang='lat' dir='ltr'><strong>affl</strong></span> 
     </span>
     <span class='ocr_line' id='line_1_16' title="bbox 622 1393 2858 1515; baseline 0 -20"><span class='ocrx_word' id='word_1_95' title='bbox 622 1430 923 1515; x_wconf 83' lang='lat' dir='ltr'><strong>frequens</strong></span> <span class='ocrx_word' id='word_1_96' title='bbox 966 1430 1363 1512; x_wconf 81' lang='lat' dir='ltr'><strong>exclamatio,</strong></span> <span class='ocrx_word' id='word_1_97' title='bbox 1408 1437 1521 1493; x_wconf 81' lang='lat' dir='ltr'><strong>*eo</strong></span> <span class='ocrx_word' id='word_1_98' title='bbox 1551 1393 1724 1514; x_wconf 70' lang='lat' dir='ltr'><strong>qu&#39;od</strong></span> <span class='ocrx_word' id='word_1_99' title='bbox 1767 1427 2094 1492; x_wconf 90' lang='lat' dir='ltr'><strong>dominum</strong></span> <span class='ocrx_word' id='word_1_100' title='bbox 2137 1393 2560 1492; x_wconf 69' lang='lat' dir='ltr'><strong>inconsuimm</strong></span> <span class='ocrx_word' id='word_1_101' title='bbox 2602 1433 2858 1496; x_wconf 77' lang='lat' dir='ltr'><strong>amitte-</strong></span> 
     </span>
     <span class='ocr_line' id='line_1_17' title="bbox 624 1509 2856 1600; baseline -0 -23"><span class='ocrx_word' id='word_1_102' title='bbox 624 1513 799 1594; x_wconf 85' lang='lat' dir='ltr'><strong>bant,</strong></span> <span class='ocrx_word' id='word_1_103' title='bbox 844 1525 907 1579; x_wconf 85' lang='lat' dir='ltr'><strong>et</strong></span> <span class='ocrx_word' id='word_1_104' title='bbox 946 1515 1113 1578; x_wconf 90' lang='lat' dir='ltr'><strong>natis</strong></span> <span class='ocrx_word' id='word_1_105' title='bbox 1154 1512 1523 1578; x_wconf 87' lang='lat' dir='ltr'><strong>dominandi</strong></span> <span class='ocrx_word' id='word_1_106' title='bbox 1567 1535 1716 1597; x_wconf 88' lang='lat' dir='ltr'><strong>spes</strong></span> <span class='ocrx_word' id='word_1_107' title='bbox 1753 1510 1928 1574; x_wconf 89' lang='lat' dir='ltr'><strong>nulla</strong></span> <span class='ocrx_word' id='word_1_108' title='bbox 1961 1509 2122 1574; x_wconf 85' lang='lat' dir='ltr'><strong>relin</strong></span> <span class='ocrx_word' id='word_1_109' title='bbox 2165 1523 2438 1593; x_wconf 90' lang='lat' dir='ltr'><strong>ueretur,</strong></span> <span class='ocrx_word' id='word_1_110' title='bbox 2483 1535 2634 1576; x_wconf 88' lang='lat' dir='ltr'><strong>cum</strong></span> <span class='ocrx_word' id='word_1_111' title='bbox 2661 1537 2856 1600; x_wconf 84' lang='lat' dir='ltr'><strong>reges</strong></span> 
     </span>
     <span class='ocr_line' id='line_1_18' title="bbox 622 1534 2854 1683; baseline 0 -22"><span class='ocrx_word' id='word_1_112' title='bbox 622 1599 789 1682; x_wconf 89' lang='lat' dir='ltr'><strong>patri</strong></span> <span class='ocrx_word' id='word_1_113' title='bbox 832 1596 1041 1660; x_wconf 89' lang='lat' dir='ltr'><strong>adhuc</strong></span> <span class='ocrx_word' id='word_1_114' title='bbox 1083 1599 1295 1660; x_wconf 89' lang='lat' dir='ltr'><strong>animo</strong></span> <span class='ocrx_word' id='word_1_115' title='bbox 1336 1598 1499 1659; x_wconf 88' lang='lat' dir='ltr'><strong>irato</strong></span> <span class='ocrx_word' id='word_1_116' title='bbox 1541 1605 1916 1680; x_wconf 86' lang='lat' dir='ltr'><strong>perstarent,</strong></span> <span class='ocrx_word' id='word_1_117' title='bbox 1960 1603 2024 1658; x_wconf 90' lang='lat' dir='ltr'><strong>et</strong></span> <span class='ocrx_word' id='word_1_118' title='bbox 2065 1534 2262 1658; x_wconf 57' lang='lat' dir='ltr'><strong>1³31oe</strong></span> <span class='ocrx_word' id='word_1_119' title='bbox 2305 1594 2674 1660; x_wconf 86' lang='lat' dir='ltr'><strong>insolentiae</strong></span> <span class='ocrx_word' id='word_1_120' title='bbox 2717 1601 2854 1683; x_wconf 89' lang='lat' dir='ltr'><strong>spi-</strong></span> 
     </span>
     <span class='ocr_line' id='line_1_19' title="bbox 622 1678 2847 1765; baseline 0.001 -22"><span class='ocrx_word' id='word_1_121' title='bbox 622 1681 753 1744; x_wconf 88' lang='lat' dir='ltr'><strong>ritu</strong></span> <span class='ocrx_word' id='word_1_122' title='bbox 792 1701 1019 1765; x_wconf 86' lang='lat' dir='ltr'><strong>pacem</strong></span> <span class='ocrx_word' id='word_1_123' title='bbox 1060 1679 1465 1744; x_wconf 86' lang='lat' dir='ltr'><strong>multifariam</strong></span> <span class='ocrx_word' id='word_1_124' title='bbox 1506 1678 1810 1743; x_wconf 87' lang='lat' dir='ltr'><strong>turbaret.</strong></span> <span class='ocrx_word' id='word_1_125' title='bbox 1881 1679 1971 1741; x_wconf 86' lang='lat' dir='ltr'><strong>Et</strong></span> <span class='ocrx_word' id='word_1_126' title='bbox 1994 1687 2210 1742; x_wconf 82' lang='lat' dir='ltr'><strong>tamen</strong></span> <span class='ocrx_word' id='word_1_127' title='bbox 2235 1680 2302 1743; x_wconf 93' lang='lat' dir='ltr'><strong>in</strong></span> <span class='ocrx_word' id='word_1_128' title='bbox 2327 1680 2514 1744; x_wconf 81' lang='lat' dir='ltr'><strong>brevi</strong></span> <span class='ocrx_word' id='word_1_129' title='bbox 2537 1681 2847 1763; x_wconf 84' lang='lat' dir='ltr'><strong>victurus,</strong></span> 
     </span>
     <span class='ocr_line' id='line_1_20' title="bbox 622 1762 2854 1849; baseline 0.001 -23"><span class='ocrx_word' id='word_1_130' title='bbox 622 1762 883 1848; x_wconf 88' lang='lat' dir='ltr'><strong>regibus</strong></span> <span class='ocrx_word' id='word_1_131' title='bbox 922 1762 1166 1848; x_wconf 87' lang='lat' dir='ltr'><strong>legatos</strong></span> <span class='ocrx_word' id='word_1_132' title='bbox 1210 1763 1443 1828; x_wconf 85' lang='lat' dir='ltr'><strong>celeres</strong></span> <span class='ocrx_word' id='word_1_133' title='bbox 1484 1763 1660 1826; x_wconf 85' lang='lat' dir='ltr'><strong>misit</strong></span> <span class='ocrx_word' id='word_1_134' title='bbox 1673 1812 1692 1845; x_wconf 92' lang='lat'><strong>,</strong></span> <span class='ocrx_word' id='word_1_135' title='bbox 1744 1762 1856 1847; x_wconf 80' lang='lat' dir='ltr'><strong>qui</strong></span> <span class='ocrx_word' id='word_1_136' title='bbox 1895 1783 2014 1846; x_wconf 91' lang='lat' dir='ltr'><strong>pro</strong></span> <span class='ocrx_word' id='word_1_137' title='bbox 2068 1785 2136 1826; x_wconf 88' lang='lat' dir='ltr'><strong>se</strong></span> <span class='ocrx_word' id='word_1_138' title='bbox 2191 1763 2510 1849; x_wconf 88' lang='lat' dir='ltr'><strong>supplices</strong></span> <span class='ocrx_word' id='word_1_139' title='bbox 2565 1767 2854 1830; x_wconf 85' lang='lat' dir='ltr'><strong>suasorie</strong></span> 
     </span>
     <span class='ocr_line' id='line_1_21' title="bbox 622 1845 2858 1934; baseline 0.001 -24"><span class='ocrx_word' id='word_1_140' title='bbox 622 1854 921 1934; x_wconf 83' lang='lat' dir='ltr'><strong>rogarent</strong></span> <span class='ocrx_word' id='word_1_141' title='bbox 960 1859 1025 1911; x_wconf 92' lang='lat' dir='ltr'><strong>et</strong></span> <span class='ocrx_word' id='word_1_142' title='bbox 1056 1870 1175 1934; x_wconf 89' lang='lat' dir='ltr'><strong>pro</strong></span> <span class='ocrx_word' id='word_1_143' title='bbox 1216 1848 1463 1911; x_wconf 90' lang='lat' dir='ltr'><strong>iniuriis</strong></span> <span class='ocrx_word' id='word_1_144' title='bbox 1488 1845 1680 1910; x_wconf 89' lang='lat' dir='ltr'><strong>illatis</strong></span> <span class='ocrx_word' id='word_1_145' title='bbox 1711 1847 2124 1910; x_wconf 86' lang='lat' dir='ltr'><strong>iustissimam</strong></span> <span class='ocrx_word' id='word_1_146' title='bbox 2138 1858 2166 1888; x_wconf 79' lang='lat'><em>²</em></span> <span class='ocrx_word' id='word_1_147' title='bbox 2193 1849 2858 1932; x_wconf 87' lang='lat' dir='ltr'><strong>recompensationem</strong></span> 
     </span>
     <span class='ocr_line' id='line_1_22' title="bbox 624 1928 2858 2018; baseline 0.001 -23"><span class='ocrx_word' id='word_1_148' title='bbox 624 1931 1027 2018; x_wconf 83' lang='lat' dir='ltr'><strong>sponderent.</strong></span> <span class='ocrx_word' id='word_1_149' title='bbox 1110 1932 1255 1996; x_wconf 82' lang='lat' dir='ltr'><strong>Rex</strong></span> <span class='ocrx_word' id='word_1_150' title='bbox 1280 1942 1618 1995; x_wconf 86' lang='lat' dir='ltr'><strong>veteranus</strong></span> <span class='ocrx_word' id='word_1_151' title='bbox 1644 1928 1958 1994; x_wconf 84' lang='lat' dir='ltr'><strong>malorum</strong></span> <span class='ocrx_word' id='word_1_152' title='bbox 1993 1934 2447 1996; x_wconf 89' lang='lat' dir='ltr'><strong>correctionem</strong></span> <span class='ocrx_word' id='word_1_153' title='bbox 2489 1933 2574 1996; x_wconf 90' lang='lat' dir='ltr'><strong>ab</strong></span> <span class='ocrx_word' id='word_1_154' title='bbox 2615 1931 2858 2017; x_wconf 82' lang='lat' dir='ltr'><strong>legatis</strong></span> 
     </span>
     <span class='ocr_line' id='line_1_23' title="bbox 622 2013 2858 2101; baseline 0.002 -21"><span class='ocrx_word' id='word_1_155' title='bbox 622 2017 921 2101; x_wconf 86' lang='lat' dir='ltr'><strong>excipere</strong></span> <span class='ocrx_word' id='word_1_156' title='bbox 962 2013 1212 2098; x_wconf 86' lang='lat' dir='ltr'><strong>volens,</strong></span> <span class='ocrx_word' id='word_1_157' title='bbox 1265 2037 1305 2077; x_wconf 89' lang='lat' dir='ltr'><strong>a</strong></span> <span class='ocrx_word' id='word_1_158' title='bbox 1360 2013 1489 2078; x_wconf 89' lang='lat' dir='ltr'><strong>filio</strong></span> <span class='ocrx_word' id='word_1_159' title='bbox 1543 2013 1914 2098; x_wconf 84' lang='lat' dir='ltr'><strong>indignante</strong></span> <span class='ocrx_word' id='word_1_160' title='bbox 1973 2013 2278 2079; x_wconf 88' lang='lat' dir='ltr'><strong>inhibitus</strong></span> <span class='ocrx_word' id='word_1_161' title='bbox 2337 2027 2450 2080; x_wconf 88' lang='lat' dir='ltr'><strong>est.</strong></span> <span class='ocrx_word' id='word_1_162' title='bbox 2546 2016 2743 2081; x_wconf 86' lang='lat' dir='ltr'><strong>Unde</strong></span> <span class='ocrx_word' id='word_1_163' title='bbox 2790 2029 2858 2084; x_wconf 89' lang='lat' dir='ltr'><strong>et</strong></span> 
     </span>
     <span class='ocr_line' id='line_1_24' title="bbox 620 2097 2856 2184; baseline 0.002 -23"><span class='ocrx_word' id='word_1_164' title='bbox 620 2098 972 2184; x_wconf 87' lang='lat' dir='ltr'><strong>legatorum</strong></span> <span class='ocrx_word' id='word_1_165' title='bbox 1014 2098 1455 2184; x_wconf 84' lang='lat' dir='ltr'><strong>allegationem</strong></span> <span class='ocrx_word' id='word_1_166' title='bbox 1497 2098 1750 2183; x_wconf 89' lang='lat' dir='ltr'><strong>penitus</strong></span> <span class='ocrx_word' id='word_1_167' title='bbox 1792 2099 2030 2181; x_wconf 85' lang='lat' dir='ltr'><strong>sprevit</strong></span> <span class='ocrx_word' id='word_1_168' title='bbox 2085 2108 2276 2183; x_wconf 87' lang='lat' dir='ltr'><strong>atque</strong></span> <span class='ocrx_word' id='word_1_169' title='bbox 2331 2097 2474 2163; x_wconf 87' lang='lat' dir='ltr'><strong>illos</strong></span> <span class='ocrx_word' id='word_1_170' title='bbox 2527 2100 2856 2166; x_wconf 89' lang='lat' dir='ltr'><strong>immunes</strong></span> 
     </span>
     <span class='ocr_line' id='line_1_25' title="bbox 620 2180 2856 2268; baseline 0.002 -22"><span class='ocrx_word' id='word_1_171' title='bbox 620 2182 829 2248; x_wconf 88' lang='lat' dir='ltr'><strong>redire</strong></span> <span class='ocrx_word' id='word_1_172' title='bbox 873 2205 987 2268; x_wconf 72' lang='lat' dir='ltr'><strong>coe</strong></span> <span class='ocrx_word' id='word_1_173' title='bbox 1038 2183 1103 2246; x_wconf 86' lang='lat' dir='ltr'><strong>‘t.</strong></span> <span class='ocrx_word' id='word_1_174' title='bbox 1190 2180 1441 2263; x_wconf 80' lang='lat' dir='ltr'><strong>Quibus</strong></span> <span class='ocrx_word' id='word_1_175' title='bbox 1482 2183 1551 2244; x_wconf 92' lang='lat' dir='ltr'><strong>in</strong></span> <span class='ocrx_word' id='word_1_176' title='bbox 1579 2181 1800 2246; x_wconf 90' lang='lat' dir='ltr'><strong>itinere</strong></span> <span class='ocrx_word' id='word_1_177' title='bbox 1828 2202 2074 2245; x_wconf 86' lang='lat' dir='ltr'><strong>moram</strong></span> <span class='ocrx_word' id='word_1_178' title='bbox 2101 2183 2458 2267; x_wconf 86' lang='lat' dir='ltr'><strong>agentibus,</strong></span> <span class='ocrx_word' id='word_1_179' title='bbox 2501 2193 2650 2248; x_wconf 88' lang='lat' dir='ltr'><strong>ante</strong></span> <span class='ocrx_word' id='word_1_180' title='bbox 2695 2207 2856 2250; x_wconf 89' lang='lat' dir='ltr'><strong>uam</strong></span> 
     </span>
     <span class='ocr_line' id='line_1_26' title="bbox 618 2204 2858 2362; baseline 0.001 -32"><span class='ocrx_word' id='word_1_181' title='bbox 618 2265 937 2332; x_wconf 84' lang='lat' dir='ltr'><strong>redissent</strong></span> <span class='ocrx_word' id='word_1_182' title='bbox 978 2204 1081 2330; x_wconf 50' lang='lat' dir='ltr'><strong>(file</strong></span> <span class='ocrx_word' id='word_1_183' title='bbox 1126 2276 1352 2351; x_wconf 89' lang='lat' dir='ltr'><strong>quarta</strong></span> <span class='ocrx_word' id='word_1_184' title='bbox 1391 2276 1578 2330; x_wconf 88' lang='lat' dir='ltr'><strong>natae</strong></span> <span class='ocrx_word' id='word_1_185' title='bbox 1621 2266 1991 2362; x_wconf 68' lang='lat' dir='ltr'><strong>synanticae</strong></span> <span class='ocrx_word' id='word_1_186' title='bbox 2031 2265 2218 2348; x_wconf 87' lang='lat' dir='ltr'><strong>facta,</strong></span> <span class='ocrx_word' id='word_1_187' title='bbox 2263 2265 2406 2330; x_wconf 89' lang='lat' dir='ltr'><strong>Odo</strong></span> <span class='ocrx_word' id='word_1_188' title='bbox 2451 2289 2684 2332; x_wconf 88' lang='lat' dir='ltr'><strong>monac</strong></span> <span class='ocrx_word' id='word_1_189' title='bbox 2731 2271 2858 2332; x_wconf 72' lang='lat' dir='ltr'><strong>usl‘</strong></span> 
     </span>
     <span class='ocr_line' id='line_1_27' title="bbox 618 2347 2857 2436; baseline 0.002 -23"><span class='ocrx_word' id='word_1_190' title='bbox 618 2349 825 2414; x_wconf 86' lang='lat' dir='ltr'><strong>factus</strong></span> <span class='ocrx_word' id='word_1_191' title='bbox 842 2352 869 2393; x_wconf 71' lang='lat' dir='ltr'>b</span> <span class='ocrx_word' id='word_1_192' title='bbox 928 2349 1157 2415; x_wconf 86' lang='lat' dir='ltr'><strong>defecit</strong></span> <span class='ocrx_word' id='word_1_193' title='bbox 1212 2361 1403 2436; x_wconf 88' lang='lat' dir='ltr'><strong>atque</strong></span> <span class='ocrx_word' id='word_1_194' title='bbox 1459 2350 1551 2412; x_wconf 91' lang='lat' dir='ltr'><strong>sic</strong></span> <span class='ocrx_word' id='word_1_195' title='bbox 1603 2359 1771 2412; x_wconf 77' lang='lat' dir='ltr'><strong>vitae</strong></span> <span class='ocrx_word' id='word_1_196' title='bbox 1827 2347 2022 2412; x_wconf 85' lang='lat' dir='ltr'><strong>finem</strong></span> <span class='ocrx_word' id='word_1_197' title='bbox 2080 2349 2333 2432; x_wconf 82' lang='lat' dir='ltr'><strong>habuit3</strong></span> <span class='ocrx_word' id='word_1_198' title='bbox 2396 2350 2477 2414; x_wconf 88' lang='lat' dir='ltr'><strong>ad</strong></span> <span class='ocrx_word' id='word_1_199' title='bbox 2536 2351 2857 2418; x_wconf 87' lang='lat' dir='ltr'><strong>Sanctum</strong></span> 
     </span>
     <span class='ocr_line' id='line_1_28' title="bbox 618 2432 2854 2530; baseline 0.001 -32"><span class='ocrx_word' id='word_1_200' title='bbox 618 2433 965 2499; x_wconf 88' lang='lat' dir='ltr'><strong>Martinum</strong></span> <span class='ocrx_word' id='word_1_201' title='bbox 1030 2433 1275 2498; x_wconf 89' lang='lat' dir='ltr'><strong>delatus</strong></span> <span class='ocrx_word' id='word_1_202' title='bbox 1346 2443 1409 2498; x_wconf 88' lang='lat' dir='ltr'><strong>et</strong></span> <span class='ocrx_word' id='word_1_203' title='bbox 1466 2434 1574 2496; x_wconf 78' lang='lat' dir='ltr'><strong>in⁶</strong></span> <span class='ocrx_word' id='word_1_204' title='bbox 1635 2432 1777 2496; x_wconf 90' lang='lat' dir='ltr'><strong>loco</strong></span> <span class='ocrx_word' id='word_1_205' title='bbox 1848 2432 2020 2530; x_wconf 78' lang='lat' dir='ltr'><strong>quod</strong></span> <span class='ocrx_word' id='word_1_206' title='bbox 2081 2433 2292 2497; x_wconf 88' lang='lat' dir='ltr'><strong>Maius</strong></span> <span class='ocrx_word' id='word_1_207' title='bbox 2306 2473 2329 2482; x_wconf 96' lang='lat'>-</span> <span class='ocrx_word' id='word_1_208' title='bbox 2343 2437 2810 2500; x_wconf 90' lang='lat' dir='ltr'><strong>monasterium</strong></span> <span class='ocrx_word' id='word_1_209' title='bbox 2827 2450 2854 2484; x_wconf 82' lang='lat'>²</span> 
     </span>
     <span class='ocr_line' id='line_1_29' title="bbox 621 2515 2282 2603; baseline -0.001 -21"><span class='ocrx_word' id='word_1_210' title='bbox 621 2517 855 2582; x_wconf 87' lang='lat' dir='ltr'><strong>dicitur</strong></span> <span class='ocrx_word' id='word_1_211' title='bbox 897 2540 1045 2582; x_wconf 87' lang='lat' dir='ltr'><strong>cum</strong></span> <span class='ocrx_word' id='word_1_212' title='bbox 1087 2516 1285 2582; x_wconf 88' lang='lat' dir='ltr'><strong>multo</strong></span> <span class='ocrx_word' id='word_1_213' title='bbox 1330 2539 1589 2581; x_wconf 88' lang='lat' dir='ltr'><strong>suorum</strong></span> <span class='ocrx_word' id='word_1_214' title='bbox 1632 2516 1936 2601; x_wconf 77' lang='lat' dir='ltr'><strong>obsequio</strong></span> <span class='ocrx_word' id='word_1_215' title='bbox 1978 2515 2282 2603; x_wconf 82' lang='lat' dir='ltr'><strong>sepultus.</strong></span> 
     </span>
    </p>
   </div>
   <div class='ocr_carea' id='block_1_6' title="bbox 619 2652 2854 2804">
    <p class='ocr_par' dir='ltr' id='par_1_6' title="bbox 619 2652 2854 2804">
     <span class='ocr_line' id='line_1_30' title="bbox 619 2652 2854 2741; baseline 0.001 -20"><span class='ocrx_word' id='word_1_216' title='bbox 619 2657 723 2722; x_wconf 82' lang='lat'><strong>95.</strong></span> <span class='ocrx_word' id='word_1_217' title='bbox 782 2656 1099 2721; x_wconf 84' lang='lat' dir='ltr'><strong>Iohannes</strong></span> <span class='ocrx_word' id='word_1_218' title='bbox 1116 2657 1145 2698; x_wconf 77' lang='lat'><strong>⁸¹</strong></span> <span class='ocrx_word' id='word_1_219' title='bbox 1184 2677 1355 2741; x_wconf 90' lang='lat' dir='ltr'><strong>papa</strong></span> <span class='ocrx_word' id='word_1_220' title='bbox 1394 2655 1677 2719; x_wconf 89' lang='lat' dir='ltr'><strong>Leonem</strong></span> <span class='ocrx_word' id='word_1_221' title='bbox 1693 2655 1722 2696; x_wconf 79' lang='lat'><strong>¹¹</strong></span> <span class='ocrx_word' id='word_1_222' title='bbox 1763 2652 2059 2719; x_wconf 86' lang='lat' dir='ltr'><strong>abbatem</strong></span> <span class='ocrx_word' id='word_1_223' title='bbox 2099 2655 2168 2716; x_wconf 92' lang='lat' dir='ltr'><strong>in</strong></span> <span class='ocrx_word' id='word_1_224' title='bbox 2183 2655 2212 2696; x_wconf 77' lang='lat'><strong>⁸¹</strong></span> <span class='ocrx_word' id='word_1_225' title='bbox 2257 2653 2496 2720; x_wconf 83' lang='lat' dir='ltr'><strong>Gallias</strong></span> <span class='ocrx_word' id='word_1_226' title='bbox 2511 2658 2540 2699; x_wconf 79' lang='lat'><strong>¹¹</strong></span> <span class='ocrx_word' id='word_1_227' title='bbox 2583 2660 2782 2723; x_wconf 88' lang='lat' dir='ltr'><strong>mittit</strong></span> <span class='ocrx_word' id='word_1_228' title='bbox 2795 2661 2854 2740; x_wconf 77' lang='lat'><strong>¹¹,</strong></span> 
     </span>
     <span class='ocr_line' id='line_1_31' title="bbox 1036 2736 2394 2804; baseline -0.001 0"><span class='ocrx_word' id='word_1_229' title='bbox 1036 2741 1147 2804; x_wconf 78' lang='lat' dir='ltr'><strong>ut‘¹</strong></span> <span class='ocrx_word' id='word_1_230' title='bbox 1190 2737 1441 2803; x_wconf 88' lang='lat' dir='ltr'><strong>Arnulfi</strong></span> <span class='ocrx_word' id='word_1_231' title='bbox 1482 2738 1948 2802; x_wconf 85' lang='lat' dir='ltr'><strong>abdicationem</strong></span> <span class='ocrx_word' id='word_1_232' title='bbox 1965 2738 1994 2779; x_wconf 77' lang='lat'><strong>⁸¹</strong></span> <span class='ocrx_word' id='word_1_233' title='bbox 2035 2736 2394 2803; x_wconf 66' lang='lat' dir='ltr'><strong>dissolvatd.</strong></span> 
     </span>
    </p>
   </div>
   <div class='ocr_carea' id='block_1_7' title="bbox 616 2838 2854 3765">
    <p class='ocr_par' dir='ltr' id='par_1_7' title="bbox 616 2838 2854 3765">
     <span class='ocr_line' id='line_1_32' title="bbox 787 2838 2853 2926; baseline 0.001 -22"><span class='ocrx_word' id='word_1_234' title='bbox 787 2841 911 2905; x_wconf 89' lang='lat' dir='ltr'><strong>Per</strong></span> <span class='ocrx_word' id='word_1_235' title='bbox 950 2841 1123 2906; x_wconf 91' lang='lat' dir='ltr'><strong>idem</strong></span> <span class='ocrx_word' id='word_1_236' title='bbox 1164 2851 1418 2926; x_wconf 86' lang='lat' dir='ltr'><strong>tempus</strong></span> <span class='ocrx_word' id='word_1_237' title='bbox 1462 2862 1607 2903; x_wconf 91' lang='lat' dir='ltr'><strong>cum</strong></span> <span class='ocrx_word' id='word_1_238' title='bbox 1650 2861 1690 2901; x_wconf 90' lang='lat' dir='ltr'><strong>a</strong></span> <span class='ocrx_word' id='word_1_239' title='bbox 1734 2838 2195 2904; x_wconf 81' lang='lat' dir='ltr'><strong>Germanorum</strong></span> <span class='ocrx_word' id='word_1_240' title='bbox 2238 2841 2558 2926; x_wconf 87' lang='lat' dir='ltr'><strong>episcopis</strong></span> <span class='ocrx_word' id='word_1_241' title='bbox 2606 2841 2853 2907; x_wconf 90' lang='lat' dir='ltr'><strong>domno</strong></span> 
     </span>
     <span class='ocr_line' id='line_1_33' title="bbox 619 2922 2854 3024; baseline 0.001 -35"><span class='ocrx_word' id='word_1_242' title='bbox 619 2923 889 2989; x_wconf 87' lang='lat' dir='ltr'><strong>Iohanni</strong></span> <span class='ocrx_word' id='word_1_243' title='bbox 945 2945 1153 3024; x_wconf 78' lang='lat' dir='ltr'><strong>papae</strong></span> <span class='ocrx_word' id='word_1_244' title='bbox 1195 2947 1313 3009; x_wconf 89' lang='lat' dir='ltr'><strong>per</strong></span> <span class='ocrx_word' id='word_1_245' title='bbox 1363 2922 1661 3008; x_wconf 88' lang='lat' dir='ltr'><strong>epistolas</strong></span> <span class='ocrx_word' id='word_1_246' title='bbox 1719 2943 2172 3008; x_wconf 86' lang='lat' dir='ltr'><strong>saepenumero</strong></span> <span class='ocrx_word' id='word_1_247' title='bbox 2231 2934 2606 3008; x_wconf 85' lang='lat' dir='ltr'><strong>suggestum</strong></span> <span class='ocrx_word' id='word_1_248' title='bbox 2661 2925 2854 3009; x_wconf 86' lang='lat' dir='ltr'><strong>foret,</strong></span> 
     </span>
     <span class='ocr_line' id='line_1_34' title="bbox 619 3005 2854 3092; baseline 0.002 -20"><span class='ocrx_word' id='word_1_249' title='bbox 619 3019 692 3073; x_wconf 88' lang='lat' dir='ltr'><strong>ut</strong></span> <span class='ocrx_word' id='word_1_250' title='bbox 744 3007 1041 3073; x_wconf 75' lang='lat' dir='ltr'><strong>Gerbertl</strong></span> <span class='ocrx_word' id='word_1_251' title='bbox 1081 3009 1425 3072; x_wconf 85' lang='lat' dir='ltr'><strong>Remorum</strong></span> <span class='ocrx_word' id='word_1_252' title='bbox 1480 3005 1949 3092; x_wconf 86' lang='lat' dir='ltr'><strong>metropolitani</strong></span> <span class='ocrx_word' id='word_1_253' title='bbox 2043 3007 2462 3073; x_wconf 90' lang='lat' dir='ltr'><strong>romotionem</strong></span> <span class='ocrx_word' id='word_1_254' title='bbox 2515 3009 2854 3076; x_wconf 87' lang='lat' dir='ltr'><strong>abdicaret</strong></span> 
     </span>
     <span class='ocr_line' id='line_1_35' title="bbox 621 3090 2851 3176; baseline 0.001 -20"><span class='ocrx_word' id='word_1_255' title='bbox 621 3102 685 3156; x_wconf 87' lang='lat' dir='ltr'><strong>et</strong></span> <span class='ocrx_word' id='word_1_256' title='bbox 738 3090 986 3155; x_wconf 87' lang='lat' dir='ltr'><strong>Arnulfi</strong></span> <span class='ocrx_word' id='word_1_257' title='bbox 1043 3090 1508 3155; x_wconf 86' lang='lat' dir='ltr'><strong>abdicationem</strong></span> <span class='ocrx_word' id='word_1_258' title='bbox 1565 3102 1779 3176; x_wconf 87' lang='lat' dir='ltr'><strong>preter</strong></span> <span class='ocrx_word' id='word_1_259' title='bbox 1833 3091 1932 3153; x_wconf 90' lang='lat' dir='ltr'><strong>ius</strong></span> <span class='ocrx_word' id='word_1_260' title='bbox 2013 3101 2220 3154; x_wconf 88' lang='lat' dir='ltr'><strong>actam</strong></span> <span class='ocrx_word' id='word_1_261' title='bbox 2277 3091 2751 3176; x_wconf 85' lang='lat' dir='ltr'><strong>indignaretur,</strong></span> <span class='ocrx_word' id='word_1_262' title='bbox 2805 3117 2851 3158; x_wconf 88' lang='lat' dir='ltr'><strong>a</strong></span> 
     </span>
     <span class='ocr_line' id='line_1_36' title="bbox 617 3174 2851 3260; baseline 0.003 -22"><span class='ocrx_word' id='word_1_263' title='bbox 617 3195 705 3260; x_wconf 89' lang='lat' dir='ltr'><strong>pa</strong></span> <span class='ocrx_word' id='word_1_264' title='bbox 750 3196 789 3237; x_wconf 97' lang='lat' dir='ltr'><strong>a</strong></span> <span class='ocrx_word' id='word_1_265' title='bbox 840 3175 951 3238; x_wconf 67' lang='lat' dir='ltr'><strong>inb</strong></span> <span class='ocrx_word' id='word_1_266' title='bbox 997 3175 1451 3241; x_wconf 77' lang='lat' dir='ltr'><strong>Germaniamb</strong></span> <span class='ocrx_word' id='word_1_267' title='bbox 1506 3185 1660 3238; x_wconf 88' lang='lat' dir='ltr'><strong>tunc</strong></span> <span class='ocrx_word' id='word_1_268' title='bbox 1717 3174 1993 3238; x_wconf 88' lang='lat' dir='ltr'><strong>directus</strong></span> <span class='ocrx_word' id='word_1_269' title='bbox 2048 3184 2145 3238; x_wconf 88' lang='lat' dir='ltr'><strong>est</strong></span> <span class='ocrx_word' id='word_1_270' title='bbox 2185 3175 2317 3239; x_wconf 90' lang='lat' dir='ltr'><strong>Leo</strong></span> <span class='ocrx_word' id='word_1_271' title='bbox 2373 3176 2724 3241; x_wconf 89' lang='lat' dir='ltr'><strong>monachus</strong></span> <span class='ocrx_word' id='word_1_272' title='bbox 2783 3190 2851 3244; x_wconf 87' lang='lat' dir='ltr'><strong>et</strong></span> 
     </span>
     <span class='ocr_line' id='line_1_37' title="bbox 620 3197 2852 3356; baseline 0.002 -34"><span class='ocrx_word' id='word_1_273' title='bbox 620 3197 840 3341; x_wconf 60' lang='lat' dir='ltr'><strong>abbas,</strong></span> <span class='ocrx_word' id='word_1_274' title='bbox 896 3260 1005 3344; x_wconf 90' lang='lat' dir='ltr'><strong>qui</strong></span> <span class='ocrx_word' id='word_1_275' title='bbox 1060 3257 1312 3323; x_wconf 84' lang='lat' dir='ltr'><strong>vicibus</strong></span> <span class='ocrx_word' id='word_1_276' title='bbox 1344 3280 1561 3356; x_wconf 81' lang='lat' dir='ltr'><strong>papae</strong></span> <span class='ocrx_word' id='word_1_277' title='bbox 1603 3260 1842 3343; x_wconf 89' lang='lat' dir='ltr'><strong>potitus</strong></span> <span class='ocrx_word' id='word_1_278' title='bbox 1907 3278 2052 3320; x_wconf 89' lang='lat' dir='ltr'><strong>cum</strong></span> <span class='ocrx_word' id='word_1_279' title='bbox 2097 3260 2413 3344; x_wconf 86' lang='lat' dir='ltr'><strong>episcopis</strong></span> <span class='ocrx_word' id='word_1_280' title='bbox 2459 3259 2852 3326; x_wconf 80' lang='lat' dir='ltr'><strong>Germaniae</strong></span> 
     </span>
     <span class='ocr_line' id='line_1_38' title="bbox 617 3339 2849 3429; baseline 0.001 -22"><span class='ocrx_word' id='word_1_281' title='bbox 617 3354 809 3429; x_wconf 89' lang='lat' dir='ltr'><strong>atque</strong></span> <span class='ocrx_word' id='word_1_282' title='bbox 855 3341 1207 3408; x_wconf 81' lang='lat' dir='ltr'><strong>Galliarum</strong></span> <span class='ocrx_word' id='word_1_283' title='bbox 1250 3341 1437 3406; x_wconf 73' lang='lat' dir='ltr'><strong>huius</strong></span> <span class='ocrx_word' id='word_1_284' title='bbox 1480 3343 1718 3427; x_wconf 88' lang='lat' dir='ltr'><strong>negotii</strong></span> <span class='ocrx_word' id='word_1_285' title='bbox 1759 3352 1824 3406; x_wconf 91' lang='lat' dir='ltr'><strong>et</strong></span> <span class='ocrx_word' id='word_1_286' title='bbox 1863 3339 2230 3427; x_wconf 87' lang='lat' dir='ltr'><strong>indaginem</strong></span> <span class='ocrx_word' id='word_1_287' title='bbox 2269 3342 2508 3408; x_wconf 87' lang='lat' dir='ltr'><strong>faceret</strong></span> <span class='ocrx_word' id='word_1_288' title='bbox 2561 3353 2624 3408; x_wconf 85' lang='lat' dir='ltr'><strong>et</strong></span> <span class='ocrx_word' id='word_1_289' title='bbox 2676 3346 2849 3410; x_wconf 84' lang='lat' dir='ltr'><strong>iudi·</strong></span> 
     </span>
     <span class='ocr_line' id='line_1_39' title="bbox 616 3424 2850 3516; baseline 0.001 -24"><span class='ocrx_word' id='word_1_290' title='bbox 616 3428 779 3492; x_wconf 87' lang='lat' dir='ltr'><strong>tium</strong></span> <span class='ocrx_word' id='word_1_291' title='bbox 841 3425 1153 3512; x_wconf 71' lang='lat' dir='ltr'><strong>diligense</strong></span> <span class='ocrx_word' id='word_1_292' title='bbox 1213 3426 1361 3491; x_wconf 89' lang='lat' dir='ltr'><strong>inde</strong></span> <span class='ocrx_word' id='word_1_293' title='bbox 1415 3426 1780 3512; x_wconf 83' lang='lat' dir='ltr'><strong>proferret³.</strong></span> <span class='ocrx_word' id='word_1_294' title='bbox 1878 3424 2009 3505; x_wconf 80' lang='lat' dir='ltr'><strong>Qui</strong></span> <span class='ocrx_word' id='word_1_295' title='bbox 2064 3424 2514 3490; x_wconf 86' lang='lat' dir='ltr'><strong>humanissime</strong></span> <span class='ocrx_word' id='word_1_296' title='bbox 2572 3427 2655 3491; x_wconf 89' lang='lat' dir='ltr'><strong>ab</strong></span> <span class='ocrx_word' id='word_1_297' title='bbox 2711 3430 2850 3516; x_wconf 88' lang='lat' dir='ltr'><strong>epi-</strong></span> 
     </span>
     <span class='ocr_line' id='line_1_40' title="bbox 618 3507 2850 3609; baseline 0.001 -34"><span class='ocrx_word' id='word_1_298' title='bbox 618 3511 871 3596; x_wconf 61' lang='lat' dir='ltr'><strong>scopis?</strong></span> <span class='ocrx_word' id='word_1_299' title='bbox 896 3522 1222 3596; x_wconf 86' lang='lat' dir='ltr'><strong>exceptus,</strong></span> <span class='ocrx_word' id='word_1_300' title='bbox 1267 3510 1346 3574; x_wconf 86' lang='lat' dir='ltr'><strong>de</strong></span> <span class='ocrx_word' id='word_1_301' title='bbox 1387 3509 1680 3575; x_wconf 88' lang='lat' dir='ltr'><strong>habenda</strong></span> <span class='ocrx_word' id='word_1_302' title='bbox 1722 3507 1947 3572; x_wconf 87' lang='lat' dir='ltr'><strong>sinodo</strong></span> <span class='ocrx_word' id='word_1_303' title='bbox 1991 3531 2067 3572; x_wconf 91' lang='lat' dir='ltr'><strong>su</strong></span> <span class='ocrx_word' id='word_1_304' title='bbox 2115 3531 2184 3573; x_wconf 91' lang='lat' dir='ltr'><strong>er</strong></span> <span class='ocrx_word' id='word_1_305' title='bbox 2224 3508 2345 3573; x_wconf 92' lang='lat' dir='ltr'><strong>hoc</strong></span> <span class='ocrx_word' id='word_1_306' title='bbox 2386 3512 2646 3609; x_wconf 79' lang='lat' dir='ltr'><strong>negotio</strong></span> <span class='ocrx_word' id='word_1_307' title='bbox 2692 3535 2850 3578; x_wconf 89' lang='lat' dir='ltr'><strong>cum</strong></span> 
     </span>
     <span class='ocr_line' id='line_1_41' title="bbox 618 3591 2850 3680; baseline 0.002 -22"><span class='ocrx_word' id='word_1_308' title='bbox 618 3595 709 3658; x_wconf 89' lang='lat' dir='ltr'><strong>eis</strong></span> <span class='ocrx_word' id='word_1_309' title='bbox 752 3594 1080 3659; x_wconf 85' lang='lat' dir='ltr'><strong>tractabat.</strong></span> <span class='ocrx_word' id='word_1_310' title='bbox 1165 3592 1226 3656; x_wconf 93' lang='lat' dir='ltr'>A</span> <span class='ocrx_word' id='word_1_311' title='bbox 1271 3592 1501 3679; x_wconf 88' lang='lat' dir='ltr'><strong>quibus</strong></span> <span class='ocrx_word' id='word_1_312' title='bbox 1541 3591 1872 3657; x_wconf 83' lang='lat' dir='ltr'><strong>Gallorum</strong></span> <span class='ocrx_word' id='word_1_313' title='bbox 1913 3594 2050 3676; x_wconf 86' lang='lat' dir='ltr'><strong>regi</strong></span> <span class='ocrx_word' id='word_1_314' title='bbox 2099 3615 2190 3675; x_wconf 87' lang='lat' dir='ltr'><strong>us,</strong></span> <span class='ocrx_word' id='word_1_315' title='bbox 2235 3593 2499 3680; x_wconf 87' lang='lat' dir='ltr'><strong>Hugom</strong></span> <span class='ocrx_word' id='word_1_316' title='bbox 2542 3595 2850 3664; x_wconf 87' lang='lat' dir='ltr'><strong>videlicet</strong></span> 
     </span>
     <span class='ocr_line' id='line_1_42' title="bbox 617 3676 2848 3765; baseline 0.002 -23"><span class='ocrx_word' id='word_1_317' title='bbox 617 3679 879 3765; x_wconf 86' lang='lat' dir='ltr'><strong>eiusque</strong></span> <span class='ocrx_word' id='word_1_318' title='bbox 908 3677 1037 3742; x_wconf 90' lang='lat' dir='ltr'><strong>filio</strong></span> <span class='ocrx_word' id='word_1_319' title='bbox 1068 3678 1391 3758; x_wconf 83' lang='lat' dir='ltr'><strong>Rotbert0‚</strong></span> <span class='ocrx_word' id='word_1_320' title='bbox 1433 3676 1669 3762; x_wconf 61' lang='lat' dir='ltr'><strong>legati&amp;</strong></span> <span class='ocrx_word' id='word_1_321' title='bbox 1697 3676 1921 3741; x_wconf 89' lang='lat' dir='ltr'><strong>directi</strong></span> <span class='ocrx_word' id='word_1_322' title='bbox 1964 3686 2128 3759; x_wconf 87' lang='lat' dir='ltr'><strong>sunt,</strong></span> <span class='ocrx_word' id='word_1_323' title='bbox 2175 3678 2286 3762; x_wconf 91' lang='lat' dir='ltr'><strong>qui</strong></span> <span class='ocrx_word' id='word_1_324' title='bbox 2327 3699 2536 3764; x_wconf 87' lang='lat' dir='ltr'><strong>papae</strong></span> <span class='ocrx_word' id='word_1_325' title='bbox 2579 3683 2848 3746; x_wconf 84' lang='lat' dir='ltr'><strong>manda-</strong></span> 
     </span>
    </p>
   </div>
   <div class='ocr_carea' id='block_1_8' title="bbox 612 3847 2844 4020">
    <p class='ocr_par' dir='ltr' id='par_1_8' title="bbox 612 3847 2844 4020">
     <span class='ocr_line' id='line_1_43' title="bbox 734 3847 2840 3904; baseline 0.001 -12"><span class='ocrx_word' id='word_1_326' title='bbox 734 3849 779 3902; x_wconf 71' lang='grc' dir='ltr'><strong>ι)</strong></span> <span class='ocrx_word' id='word_1_327' title='bbox 814 3852 1140 3901; x_wconf 70' lang='lat' dir='ltr'><strong>aequissimam</strong></span> <span class='ocrx_word' id='word_1_328' title='bbox 1169 3861 1381 3901; x_wconf 59' lang='lat' dir='ltr'><strong>super-scr.</strong></span> <span class='ocrx_word' id='word_1_329' title='bbox 1415 3850 1723 3891; x_wconf 80' lang='lat' dir='ltr'><strong>iustissimam.</strong></span> <span class='ocrx_word' id='word_1_330' title='bbox 1843 3847 1892 3900; x_wconf 88' lang='lat' dir='ltr'><strong>b)</strong></span> <span class='ocrx_word' id='word_1_331' title='bbox 1919 3855 2018 3899; x_wconf 73' lang='lat' dir='ltr'><strong>poet</strong></span> <span class='ocrx_word' id='word_1_332' title='bbox 2039 3851 2141 3890; x_wconf 80' lang='lat' dir='ltr'><strong>add.</strong></span> <span class='ocrx_word' id='word_1_333' title='bbox 2264 3848 2306 3902; x_wconf 87' lang='lat' dir='ltr'><strong>c)</strong></span> <span class='ocrx_word' id='word_1_334' title='bbox 2338 3851 2388 3890; x_wconf 91' lang='lat' dir='ltr'><strong>in</strong></span> <span class='ocrx_word' id='word_1_335' title='bbox 2419 3862 2529 3891; x_wconf 89' lang='lat' dir='ltr'><strong>mon</strong></span> <span class='ocrx_word' id='word_1_336' title='bbox 2558 3853 2691 3893; x_wconf 66' lang='lat' dir='ltr'><strong>scribi</strong></span> <span class='ocrx_word' id='word_1_337' title='bbox 2719 3865 2840 3904; x_wconf 78' lang='lat' dir='ltr'><strong>coep-</strong></span> 
     </span>
     <span class='ocr_line' id='line_1_44' title="bbox 614 3907 2844 3964; baseline 0.002 -14"><span class='ocrx_word' id='word_1_338' title='bbox 614 3915 715 3951; x_wconf 72' lang='lat' dir='ltr'><strong>tum.</strong></span> <span class='ocrx_word' id='word_1_339' title='bbox 866 3907 911 3960; x_wconf 83' lang='lat' dir='ltr'><strong>d)</strong></span> <span class='ocrx_word' id='word_1_340' title='bbox 946 3908 1232 3964; x_wconf 49' lang='lat' dir='ltr'><strong>Iohannes),</strong></span> <span class='ocrx_word' id='word_1_341' title='bbox 1262 3909 1405 3960; x_wconf 84' lang='lat' dir='ltr'><strong>Leon,</strong></span> <span class='ocrx_word' id='word_1_342' title='bbox 1436 3910 1486 3948; x_wconf 87' lang='lat' dir='ltr'><strong>in</strong></span> <span class='ocrx_word' id='word_1_343' title='bbox 1518 3909 1625 3959; x_wconf 81' lang='lat' dir='ltr'><strong>Gal,</strong></span> <span class='ocrx_word' id='word_1_344' title='bbox 1654 3909 1710 3947; x_wconf 76' lang='lat' dir='ltr'><strong>tit</strong></span> <span class='ocrx_word' id='word_1_345' title='bbox 1740 3919 1785 3959; x_wconf 87' lang='lat' dir='ltr'><strong>u,</strong></span> <span class='ocrx_word' id='word_1_346' title='bbox 1816 3908 1970 3960; x_wconf 80' lang='lat' dir='ltr'><strong>dicati,</strong></span> <span class='ocrx_word' id='word_1_347' title='bbox 2002 3910 2102 3950; x_wconf 85' lang='lat' dir='ltr'><strong>solv</strong></span> <span class='ocrx_word' id='word_1_348' title='bbox 2131 3909 2242 3949; x_wconf 70' lang='lat' dir='ltr'><strong>abac.</strong></span> <span class='ocrx_word' id='word_1_349' title='bbox 2401 3908 2446 3960; x_wconf 89' lang='lat' dir='ltr'><strong>e)</strong></span> <span class='ocrx_word' id='word_1_350' title='bbox 2481 3910 2844 3960; x_wconf 75' lang='lat' dir='ltr'><strong>diligentissime</strong></span> 
     </span>
     <span class='ocr_line' id='line_1_45' title="bbox 612 3964 2342 4020; baseline -0.001 -12"><span class='ocrx_word' id='word_1_351' title='bbox 612 3970 927 4020; x_wconf 70' lang='lat' dir='ltr'><strong>promulgaret</strong></span> <span class='ocrx_word' id='word_1_352' title='bbox 960 3971 999 4010; x_wconf 86' lang='lat'><strong>1.</strong></span> <span class='ocrx_word' id='word_1_353' title='bbox 1118 3967 1157 4020; x_wconf 74' lang='lat' dir='ltr'><strong>s)</strong></span> <span class='ocrx_word' id='word_1_354' title='bbox 1187 3978 1225 4010; x_wconf 90' lang='lat' dir='ltr'><strong>e.</strong></span> <span class='ocrx_word' id='word_1_355' title='bbox 1258 3967 1536 4009; x_wconf 81' lang='lat' dir='ltr'><strong>Germaniae</strong></span> <span class='ocrx_word' id='word_1_356' title='bbox 1568 3969 1610 4008; x_wconf 90' lang='lat'><strong>1.</strong></span> <span class='ocrx_word' id='word_1_357' title='bbox 1727 3964 1774 4018; x_wconf 74' lang='grc' dir='ltr'><strong>ε)</strong></span> <span class='ocrx_word' id='word_1_358' title='bbox 1807 3978 1852 4016; x_wconf 86' lang='lat' dir='ltr'><strong>q.</strong></span> <span class='ocrx_word' id='word_1_359' title='bbox 1882 3969 2027 4017; x_wconf 73' lang='lat' dir='ltr'><strong>legati</strong></span> <span class='ocrx_word' id='word_1_360' title='bbox 2061 3989 2111 3998; x_wconf 92' lang='lat'><strong>—-</strong></span> <span class='ocrx_word' id='word_1_361' title='bbox 2141 3968 2195 4010; x_wconf 86' lang='lat' dir='ltr'><strong>R.</strong></span> <span class='ocrx_word' id='word_1_362' title='bbox 2227 3968 2268 4008; x_wconf 79' lang='lat' dir='ltr'><strong>d.</strong></span> <span class='ocrx_word' id='word_1_363' title='bbox 2301 3970 2342 4008; x_wconf 88' lang='lat'><strong>1.</strong></span> 
     </span>
    </p>
   </div>
   <div class='ocr_carea' id='block_1_9' title="bbox 613 4078 2843 4293">
    <p class='ocr_par' dir='ltr' id='par_1_9' title="bbox 613 4078 2843 4293">
     <span class='ocr_line' id='line_1_46' title="bbox 762 4078 2843 4148; baseline 0.002 -18"><span class='ocrx_word' id='word_1_364' title='bbox 762 4079 819 4146; x_wconf 87' lang='lat'><strong>1)</strong></span> <span class='ocrx_word' id='word_1_365' title='bbox 857 4080 1010 4133; x_wconf 83' lang='lat' dir='ltr'><strong>Italis</strong></span> <span class='ocrx_word' id='word_1_366' title='bbox 1045 4081 1288 4133; x_wconf 64' lang='lat' dir='ltr'><strong>ei‘noenza.</strong></span> <span class='ocrx_word' id='word_1_367' title='bbox 1436 4078 1493 4147; x_wconf 80' lang='lat'><strong>2)</strong></span> <span class='ocrx_word' id='word_1_368' title='bbox 1532 4081 2248 4134; x_wconf 80' lang='lat' dir='ltr'><strong>Marmoutier-lez-Tours.</strong></span> <span class='ocrx_word' id='word_1_369' title='bbox 2396 4079 2456 4148; x_wconf 88' lang='grc'><strong>3)</strong></span> <span class='ocrx_word' id='word_1_370' title='bbox 2493 4082 2610 4134; x_wconf 85' lang='lat' dir='ltr'><strong>Leo</strong></span> <span class='ocrx_word' id='word_1_371' title='bbox 2643 4085 2757 4135; x_wconf 89' lang='lat' dir='ltr'><strong>iam</strong></span> <span class='ocrx_word' id='word_1_372' title='bbox 2787 4100 2843 4136; x_wconf 83' lang='lat' dir='ltr'><strong>a.</strong></span> 
     </span>
     <span class='ocr_line' id='line_1_47' title="bbox 615 4151 2839 4222; baseline 0.003 -19"><span class='ocrx_word' id='word_1_373' title='bbox 615 4151 739 4205; x_wconf 76' lang='lat'>992.</span> <span class='ocrx_word' id='word_1_374' title='bbox 778 4154 966 4206; x_wconf 80' lang='lat' dir='ltr'><strong>missus</strong></span> <span class='ocrx_word' id='word_1_375' title='bbox 1006 4159 1060 4206; x_wconf 84' lang='lat' dir='ltr'><strong>et</strong></span> <span class='ocrx_word' id='word_1_376' title='bbox 1096 4154 1327 4221; x_wconf 78' lang='lat' dir='ltr'><strong>synodus</strong></span> <span class='ocrx_word' id='word_1_377' title='bbox 1365 4160 1492 4206; x_wconf 86' lang='lat' dir='ltr'><strong>tunc</strong></span> <span class='ocrx_word' id='word_1_378' title='bbox 1526 4155 1724 4221; x_wconf 83' lang='lat' dir='ltr'><strong>Aquis,</strong></span> <span class='ocrx_word' id='word_1_379' title='bbox 1773 4169 1825 4207; x_wconf 83' lang='lat' dir='ltr'><strong>a.</strong></span> <span class='ocrx_word' id='word_1_380' title='bbox 1865 4154 1989 4207; x_wconf 82' lang='lat'><strong>994.</strong></span> <span class='ocrx_word' id='word_1_381' title='bbox 2028 4155 2328 4221; x_wconf 83' lang='lat' dir='ltr'><strong>Ingelheim</strong></span> <span class='ocrx_word' id='word_1_382' title='bbox 2367 4155 2554 4208; x_wconf 81' lang='lat' dir='ltr'><strong>habita</strong></span> <span class='ocrx_word' id='word_1_383' title='bbox 2591 4162 2706 4222; x_wconf 63' lang='grc' dir='ltr'><strong>θείς</strong></span> <span class='ocrx_word' id='word_1_384' title='bbox 2763 4158 2839 4209; x_wconf 75' lang='lat' dir='ltr'><strong>cf.</strong></span> 
     </span>
     <span class='ocr_line' id='line_1_48' title="bbox 613 4223 1218 4293; baseline 0.007 -17"><span class='ocrx_word' id='word_1_385' title='bbox 613 4223 874 4278; x_wconf 79' lang='lat' dir='ltr'><strong>Wilmans</strong></span> <span class='ocrx_word' id='word_1_386' title='bbox 911 4243 965 4293; x_wconf 83' lang='lat' dir='ltr'><strong>p.</strong></span> <span class='ocrx_word' id='word_1_387' title='bbox 1007 4226 1091 4279; x_wconf 77' lang='lat'><strong>58.</strong></span> <span class='ocrx_word' id='word_1_388' title='bbox 1133 4226 1218 4280; x_wconf 84' lang='grc'><strong>60.</strong></span> 
     </span>
    </p>
   </div>
  </div>
 </body>
</html>
