3059 4834
625 267 694 319 78
1149 265 1457 318 RICHERI
1496 265 2003 319 HISTORIARUM
2039 264 2265 316 LIBER
2300 264 2377 316 11.

503 451 608 498 us.
626 433 1055 499 debacchatus
1121 433 1207 497 sis
1269 435 1338 496 in
1408 432 1741 497 dominum
1810 442 1995 496 tuum
2064 453 2311 518 regem,
2386 452 2499 495 ora
2571 433 2867 496 omnium

624 520 950 600 locuntur3
993 517 1167 602 apud
1210 537 1430 581 omnes
1471 517 1579 580 ida
1622 518 1917 601 agitatur.
2004 515 2197 597 Quod
2241 537 2435 601 quam
2478 514 2863 580 sceleratum

627 612 692 667 et
735 623 929 701 quam
969 601 1392 686 pernitiosum
1435 601 1535 682 sit,
1580 600 1841 664 divinae
1870 609 2062 685 atque
2091 599 2407 663 humanae
2435 598 2613 684 leges
2644 601 2865 685 copio-

629 688 878 751 sissme
919 683 1214 770 produnt.
1298 683 1487 748 Unde
1542 693 1605 748 et
1654 683 1775 748 tibi
1829 683 2306 769 compatientes,
2366 681 2448 746 ab
2501 682 2742 747 talibus
2800 692 2861 748 te

630 771 953 856 quiescere
995 789 1349 832 monemus.
1456 766 1545 833 Et
1584 767 1669 831 ad
1711 768 2041 832 dominum
2083 777 2263 832 tuum
2315 765 2516 830 multa
2568 787 2859 831 mansue-

625 854 867 919 tudinis
930 851 1283 916 humilitate
1349 853 1716 936 quantotius
1786 852 2022 914 reverti
2091 849 2435 915 hortamur.
2547 849 2743 929 Quod
2804 852 2858 914 si

627 947 877 1003 contem
927 937 1103 1018 seris,
1161 936 1540 1021 priusquam
1581 936 1651 998 in
1691 934 1945 1000 diversa
1984 933 2335 998 referamur
2348 935 2397 1015 b,
2454 933 2857 998 anathemate

626 1024 763 1087 sine
793 1019 880 1085 du
927 1021 990 1083 io
1019 1029 1082 1083 te
1111 1020 1637 1104 perstringemus,
1666 1019 1870 1083 donec
1899 1028 2011 1083 aut
2038 1017 2411 1096 satisfacias,
2445 1026 2556 1082 aut
2582 1017 2855 1082 Romam

626 1104 800 1191 apud
854 1105 1161 1168 domnum
1217 1123 1458 1188 papam
1513 1103 2007 1168 ratiocinaturus
2062 1111 2263 1187 petas.
2374 1099 2575 1166 Cuius
2632 1099 2853 1166 litteris

623 1191 756 1253 iam
799 1187 900 1252 bis
942 1187 1220 1250 monitus
1265 1209 1332 1251 es
1375 1196 1440 1250 et
1479 1209 1520 1250 a
1552 1196 1731 1251 tanto
1769 1187 2049 1250 facinore
2091 1183 2469 1272 prohibitus.
2574 1184 2768 1250 Unde
2796 1195 2855 1250 et

621 1295 740 1336 nos
786 1283 934 1359 post
974 1269 1153 1334 illum
1196 1271 1396 1334 tercio
1439 1271 1572 1333 iam
1626 1281 1687 1335 te
1740 1267 1825 1334 ad
1882 1269 2339 1334 correctionem
2400 1271 2847 1334 revocamus'0.

567 1394 573 1400 -
626 1358 809 1437 Quae
852 1357 1046 1420 totius
1092 1353 1301 1418 sinodi
1342 1355 1717 1419 auctoritate
1747 1353 2061 1434 roborata,
2106 1351 2257 1417 duci
2284 1373 2400 1438 per
2426 1351 2675 1438 legatos
2704 1375 2849 1418 mox

623 1441 867 1504 directa
909 1447 1023 1503 est.

1383 1519 1483 1584 78.
1552 1518 1806 1584 Causad
1846 1519 2117 1586 Artoldi.

790 1624 948 1687 Post
990 1621 1149 1685 haec
1193 1643 1458 1706 surgens
1485 1619 1795 1686 Artoldus
1824 1621 2244 1708 archiepisco
2266 1645 2342 1687 us
2358 1635 2404 1705 θ,
2444 1643 2663 1687 rerum
2693 1621 2847 1686 ordi·

622 1729 791 1786 nem,
835 1706 948 1770 sed
991 1715 1056 1770 et
1095 1705 1298 1791 ipsius
1339 1702 1466 1768 litis
1520 1705 1793 1788 initium,
1854 1727 2017 1791 quae
2070 1708 2245 1793 agita
2290 1714 2435 1770 atur
2492 1707 2661 1770 inter
2718 1727 2848 1770 sese

625 1800 690 1856 et
759 1789 1104 1875 Hugonem
1175 1787 1300 1852 sibi
1369 1787 1785 1874 subrogatum
1866 1791 2270 1876 episcopum,
2353 1789 2847 1856 luculentissime

622 1873 986 1939 disseruitf·
1009 1886 1050 1937 ¹.
1146 1872 1320 1953 Quin
1363 1883 1426 1938 et
1468 1872 1806 1958 epistolam
1849 1873 2107 1972 profert,
2149 1875 2515 1960 nuperrime
2552 1897 2593 1938 a
2620 1873 2848 1938 domno

620 1981 795 2045 papa
837 1955 961 2022 sibi
1005 1956 1334 2038 directam,
1377 1978 1495 2043 per
1538 1979 1732 2055 quam
1774 1967 2221 2043 episcopatum
2278 1957 2402 2022 sibi
2450 1957 2846 2022 retinendum

623 2040 1030 2128 significabat
1048 2051 1092 2104 ².
1147 2040 1306 2105 Post
1334 2042 1514 2104 cuius
1544 2042 2134 2127 mterpretationem
2175 2041 2246 2108 Si
2294 2041 2560 2106 eboldus
2636 2040 2846 2105 uidam

620 2126 896 2212 predicti
937 2125 1234 2210 Hugonis
1278 2124 1550 2189 clericus
1607 2124 1801 2191 aliam
1860 2147 2014 2190 mox
2058 2127 2263 2210 episto
2329 2147 2393 2189 m
2439 2127 2579 2189 sino
2628 2147 2667 2188 o
2758 2146 2846 2189 or-

621 2211 808 2293 rexit,
873 2210 1099 2294 signo&
1141 2206 1362 2273 domni
1402 2231 1615 2294 papae
1643 2211 1955 2273 munitam
1999 2219 2062 2274 et
2104 2208 2187 2273 ab
2216 2207 2396 2274 Urbe
2431 2231 2471 2272 a
2502 2231 2641 2274 sese
2731 2206 2847 2271 ela-

618 2303 771 2358 tam.
858 2293 1042 2374 Quae
1087 2293 1280 2356 etiam
1320 2293 1390 2355 in
1432 2301 1783 2379 conspectu
1832 2294 2283 2379 episcoporum
2339 2293 2606 2357 recitata
2660 2301 2848 2378 atque

620 2375 732 2442 dili
779 2377 1100 2442 entissime
1131 2376 1424 2441 discussa
1453 2386 1571 2442 est.
1642 2376 1722 2440 In
1749 2378 1930 2441 cuius
1960 2386 2141 2442 textu
2168 2377 2237 2440 id
2267 2375 2471 2441 solum
2502 2375 2849 2458 dicebatur,

621 2483 746 2550 quo
835 2458 1146 2525 Rodulfus
1187 2459 1636 2525 Laudunensis
1692 2461 2056 2546 episcopus,
2106 2459 2306 2524 Wido
2352 2461 2544 2524 etiam
2591 2461 2851 2525 Suesso-

618 2547 831 2627 nicus‚
916 2564 1168 2608 necnon
1239 2552 1304 2608 et
1372 2541 1787 2628 Hildegarius
1852 2544 2282 2628 Belvacensis‚
2357 2545 2554 2608 ceteri
2598 2565 2851 2630 quoque

618 2629 952 2694 Remensis
1022 2626 1351 2691 dioceseos
1414 2627 1705 2712 episcopi
1774 2627 1899 2692 ad'¹
1963 2626 2183 2693 sedem
2250 2626 2673 2714 apostolicam
2779 2650 2851 2692 ro

577 2717 582 2722 ’
616 2712 1014 2777 restitutione
1095 2708 1425 2795 Hugonisi
1517 2719 1583 2774 et
1673 2709 2079 2776 abdicatione
2164 2710 2417 2777 Artoldi
2512 2650 2853 2797 epistossm

618 2796 941 2875 miserint3
1010 2793 1180 2858 unde
1219 2803 1284 2858 et
1326 2793 1635 2858 domnum
1675 2815 1914 2880 papam
1950 2794 2036 2859 ad
2068 2817 2287 2860 eorum
2320 2804 2473 2860 vota
2502 2817 2853 2882 eorumque

666 2879 994 2945 etitionem
1048 2876 1262 2940 omnia
1301 2876 1481 2941 fieri*¹¹
1522 2875 1705 2942 velle.
1798 2878 1955 2944 Post
2004 2879 2186 2943 cuius
2228 2880 2667 2944 recitationem
2710 2901 2852 2979 pre-

617 2902 774 3029 {icti
802 2982 958 3025 mox
989 2971 1438 3046 consurgentes
1468 2962 1773 3048 episcopi,
1814 2962 2115 3047 epistolae
2146 2964 2566 3028 sententiamk
2595 2973 2853 3048 penitus

620 3045 1029 3110 confutarunt
1083 3065 1162 3107 ac
1219 3043 1682 3110 calumniarum
1723 3045 2097 3110 iniectorem
2138 3046 2461 3112 hominem
2500 3045 2852 3133 perditissi—

618 3151 797 3194 mum
866 3125 1324 3193 adclamarunt.
1441 3128 1693 3209 Quibus
1764 3151 1913 3194 cum
1985 3131 2330 3196 contrairel
2402 3151 2533 3195 non
2601 3141 2849 3230 posset,

620 3210 1007 3298 quibusdam
1047 3209 1403 3276 maledictis
1446 3235 1557 3277 eos
1599 3211 1877 3296 adortus,
1920 3212 2178 3300 publice
2213 3212 2295 3278 de
2323 3214 2595 3301 perfidia
2638 3215 2853 3280 erimi-
2945 3311 2951 3316 Ι
3030 3215 3032 3240 ³

615 3295 890 3361 nabatur
903 3308 964 3359 ¹¹¹.

891 3416 989 3480 79.
1061 3413 1555 3481 Calumniatoris
1572 3429 1602 3459 ¹¹
1645 3418 2093 3504 episcoporum
2134 3417 2500 3503 reprobatio
2516 3430 2565 3482 ¹¹.

373 3529 485 3576 ⁸101.
508 3536 598 3579 28¹.
785 3517 1004 3581 *Tunc
1045 3541 1085 3582 a
1128 3516 1362 3582 domno
1390 3517 1643 3583 Marino
1672 3517 2055 3602 decernitur,
2098 3529 2169 3584 ut
2197 3521 2540 3585 recitentur
2568 3518 2852 3606 capitula

616 3600 698 3700 de
741 3600 1302 3699 calumniatoribus
1344 3601 1612 3687 prolata.
1634 3686 1648 3701 .
1699 3603 1951 3684 Quibus
1996 3625 2169 3702 mox·
2178 3603 2379 3703 lectis,
2424 3625 2573 3668 cum
2611 3601 2849 3668 calum-

615 3693 825 3748 mator
864 3693 1054 3748 remt1
1095 3706 1226 3748 non
1267 3695 1502 3770 posset,
1548 3708 1996 3773 episcoporum
2036 3686 2263 3751 iuditio
2308 3688 2681 3752 diaconatus
2718 3708 2849 3773 quo

733 3826 780 3879 a)
814 3833 916 3878 poet
946 3829 1045 3870 add.
1184 3827 1233 3881 b)
1266 3829 1351 3872 fer.
1386 3831 1428 3871 1.
1566 3828 1607 3881 e)
1642 3841 1960 3872 ammonemus
1993 3832 2033 3874 1.
2184 3829 2232 3884 d)
2264 3843 2293 3872 a
2322 3831 2390 3872 Ar
2419 3832 2531 3872 absc.
2670 3829 2715 3883 e)
2748 3831 2845 3871 litis

617 3888 858 3930 exordium
889 3890 1028 3936 atque
1059 3898 1096 3929 r.
1116 3898 1158 3929 ο.
1183 3889 1226 3931 1.
1345 3885 1382 3939 f)
1414 3888 1702 3930 demonstrat
1736 3892 1775 3932 1.
1897 3888 1945 3943 g)
1977 3891 2167 3932 nomine
2200 3893 2241 3931 1.
2360 3888 2411 3942 h)
2444 3890 2693 3940 epistolam
2711 3891 2770 3930 ad
2799 3891 2844 3929 1.

583 3982 586 3985 .
612 3944 649 3998 i)
681 3947 741 3990 H.
769 3946 1012 3997 epistolam
1043 3947 1253 3988 miserint
1274 3949 1315 3988 1.
1407 3944 1458 3998 k)
1490 3948 1740 3998 epistolam
1772 3951 1813 3992 1.
1904 3946 1942 4000 1)
1976 3949 2132 3990 conire
2147 3960 2261 3990 corr.
2281 3949 2528 3992 contraire.
2619 3947 2685 4001 m)
2718 3949 2848 3989 codem

607 4007 750 4056 peu-oie
779 4010 1020 4048 atramento
1049 4005 1250 4059 nias-ieri,
1283 4005 1315 4045 f.
1349 4004 1436 4046 28⁴.
1468 4006 1516 4046 in
1546 4017 1727 4049 rasura.
1862 4006 1913 4060 n)
1946 4007 2045 4057 Oai,
2077 4011 2165 4062 tor,
2194 4019 2334 4059 repro
2363 4009 2493 4053 abac..

765 4101 821 4166 1)
879 4101 962 4155 cf.
1010 4101 1220 4154 Artoldi
1267 4101 1510 4154 libellum
1566 4104 1771 4168 synodo
1822 4104 2101 4167 directum,
2158 4119 2245 4170 ap.
2296 4101 2455 4156 Flod.
2494 4103 2635 4155 Hist.
2688 4102 2843 4154 Rem.

611 4174 710 4236 IV,
736 4174 826 4239 35,
863 4175 979 4227 LL.
1015 4175 1092 4239 11,
1119 4175 1206 4227 21.
1359 4173 1418 4242 2)
1455 4176 1716 4228 Richerue
1752 4175 2120 4228 Flodoardnm
2155 4175 2297 4228 male
2335 4175 2667 4228 intellexisse
2691 4173 2841 4226 vide-

609 4252 713 4309 tur,
753 4249 846 4314 qui
883 4247 952 4299 de
989 4248 1284 4300 litterarum
1321 4249 1391 4301 ab
1429 4248 1655 4301 Artoldo
1694 4250 1973 4302 missarum
2010 4251 2449 4318 interpretatione
2486 4249 2738 4316 loquitur.
