3059 4834
722 199 1027 252 RICHERI
1064 199 1564 252 HISTORIARUM
1600 201 1822 253 LIBER
1857 203 1990 253 1111.
2365 204 2466 256 135

251 366 591 431 tenerrima
646 387 937 430 erumnas
982 367 1110 431 iam
1166 366 1528 432 scientibus.
1615 367 1955 433 Providete
1969 379 1994 410 ἃ
2051 369 2334 450 abiectis,
2393 371 2460 434 in

248 470 473 547 casus,
501 469 585 512 an
610 449 1069 516 inrevocabiles
1096 451 1327 531 nesci0,
1366 452 1650 517 exituris.
1723 450 2002 517 Suadeat
2027 452 2208 517 vobis
2239 453 2459 517 saltem

250 554 367 597 san
523 533 577 596 is
638 535 993 598 communis
1056 533 1329 598 affinitas
1348 534 1396 595 ¹³.
1512 534 1792 601 Suadeat
1854 545 1918 600 et
1977 535 2271 601 nobilitas
2333 557 2462 601 non

248 639 375 702 neg
399 618 662 701 egenda.
751 616 1031 684 Suadeat
1085 626 1147 682 et
1196 620 1720 703 recompensatio,
1779 641 1941 705 quae
1998 620 2080 685 sit
2139 639 2268 683 non
2325 621 2458 684 sine

254 697 586 785 multiplici
626 699 837 765 fructu
876 699 1187 766 reditura’.

424 785 521 847 15.
604 784 762 848 Mox
819 805 1035 850 omnes
1090 786 1427 850 commoti<²
1469 785 1780 850 auxilium
1821 784 2134 871 spondent
2175 797 2237 852 et
2277 789 2460 852 sesed

244 867 336 932 ad
374 866 809 933 auxiliandum
851 868 1322 954 promptissime
1363 879 1610 954 parant.
1677 870 1964 950 Quorum
1995 869 2256 934 consilio
2285 892 2456 952 usus,

244 950 681 1037 exploratores
732 951 1007 1017 Karolus
1064 953 1311 1017 mittere
1362 954 1550 1037 cepit,
1597 955 1706 1040 qui
1756 955 2069 1039 sagaciter
2111 953 2457 1039 perpende-

250 1045 419 1117 rent,
484 1035 540 1099 si
646 1057 731 1098 ua
794 1037 1183 1135 oportunitas
1247 1045 1491 1122 pateret
1504 1085 1519 1114 ,
1589 1059 1716 1122 qua
1771 1036 2149 1101 Laudunum
2211 1039 2233 1100 i
2357 1037 2460 1102 edi

248 1119 502 1184 valeret.
678 1121 854 1184 irect1
893 1120 1433 1205 investigaverunt
1474 1120 2162 1208 deprehenderuntque,
2219 1144 2262 1184 n
2350 1143 2458 1184 um

248 1203 489 1267 aditum
545 1212 781 1289 patere.
884 1201 1050 1267 Cum
1108 1200 1490 1296 quibusdam
1546 1214 1759 1268 tamen
1815 1204 2062 1270 civibus
2107 1214 2416 1270 secretum
2431 1217 2456 1248 Θ

244 1286 602 1369 contulere,
680 1287 821 1372 quif
872 1287 1169 1352 effectum
1223 1288 1477 1385 negotio
1537 1298 1888 1373 quererent.
1973 1288 2118 1369 Quo
2175 1297 2458 1388 tempore

248 1369 569 1435 Adalbero
626 1369 909 1435 eiusdem
960 1371 1136 1436 urbis
1150 1382 1179 1425 8
1234 1393 1447 1456 episco
1494 1394 1571 1435 us
1623 1373 1755 1436 suis
1809 1370 2052 1436 civibus
2106 1369 2246 1458 plus
2290 1381 2454 1436 lusto

250 1456 511 1519 iniurias
572 1453 652 1519 de
706 1454 846 1540 lege
888 1455 1141 1539 agraria
1164 1466 1183 1501 ¹
1240 1455 1452 1554 irroga
1496 1463 1582 1519 at.
1678 1455 1866 1521 Unde
1925 1455 2184 1554 quidam
2241 1454 2322 1520 ab
2379 1476 2454 1520 eo

246 1539 515 1604 latenter
554 1540 766 1603 animo
810 1537 1209 1604 discedentes
1252 1537 1872 1628 bemvolentiamque
1923 1537 2306 1621 slmulantes,
2350 1561 2457 1604 ex-

246 1621 691 1709 ploratoribus,
732 1620 1043 1690 Karolum
1086 1645 1225 1688 sese
1253 1624 1319 1686 in
1348 1624 1574 1688 urbem
1599 1633 1986 1708 receptui-OS,
2026 1625 2402 1708 promittunt
2411 1635 2454 1686 ².

492 1745 613 1832 16..
676 1742 962 1824 Qualiter
1002 1743 1277 1807 Karolus
1320 1742 1702 1807 Laudunum
1742 1746 2062 1831 ingressus
2108 1745 2206 1808 sit.

412 1845 571 1910 Mox
628 1845 820 1909 etiam
867 1844 1045 1909 urbis
1084 1845 1525 1930 proditionem,
1583 1845 1638 1906 si
1677 1843 1953 1908 Karolus
1994 1846 2225 1925 veniat,
2329 1843 2458 1909 olli-

244 1937 501 2010 centur,
554 1938 620 1994 et
662 1928 716 1991 si
756 1929 847 1992 eis
893 1927 1053 1991 sua¹¹
1097 1928 1370 1992 dimittat
1412 1937 1475 1991 et
1513 1927 1660 1989 insu
1706 1948 1774 1990 er
1815 1937 2063 2011 augeat.
2147 1927 2296 2012 Exp
2325 1949 2458 1992 ora-

246 2023 435 2096 toreS,
476 2020 666 2098 pacto
713 2010 1125 2075 sacramentis
1167 2010 1434 2091 firmato,
1476 2009 1635 2074 haec
1728 2008 1898 2074 arolo
1931 2019 2273 2096 reportant.
2344 2009 2457 2075 me

248 2119 402 2161 mox
444 2097 597 2177 suis,
640 2116 797 2180 quos
842 2095 1166 2179 superiore
1212 2093 1661 2179 conquestione
1703 2095 2108 2175 excitaverat,
2137 2093 2258 2158 hoc
2285 2115 2460 2158 man-

240 2180 468 2244 datum
510 2179 779 2264 aperuit.
862 2177 991 2258 Qui
1032 2178 1361 2242 unanimes
1406 2185 1715 2262 oportlmo
1759 2187 1887 2241 tem
1938 2198 2046 2240 ore
2089 2176 2354 2259 collecti,
2399 2179 2459 2242 ei

243 2285 387 2328 sese
440 2260 773 2327 obtulerei.
870 2259 985 2324 Ille
1042 2261 1243 2346 copiis
1296 2261 1665 2358 assumptis,
1721 2259 1861 2323 Lau
1904 2283 2098 2324 unum
2159 2259 2312 2324 dum
2363 2259 2459 2324 sol

244 2343 563 2409 occideret
588 2344 1003 2429 tempestivus
1032 2343 1290 2408 advenit
1303 2345 1353 2425 k,
1381 2345 1674 2428 misitque
1697 2342 2127 2429 exploratores
2149 2343 2234 2409 ad
2255 2353 2454 2408 trans-

244 2428 457 2512 fugas,
510 2429 631 2510 ut¹,
692 2427 843 2513 quid
886 2436 1052 2492 esset
1092 2428 1428 2513 agendum,
1470 2426 1792 2494 referrent.
1878 2427 2192 2493 Latebant
2241 2429 2457 2512 itaque

249 2512 414 2576 inter
463 2512 789 2576 vinearum
846 2511 1105 2576 dumeta
1160 2521 1223 2576 et
1277 2533 1493 2598 sepes3
1553 2512 1758 2597 parati
1815 2509 2039 2576 urbem
2093 2509 2362 2597 ingredi,
2405 2512 2459 2574 si

242 2595 499 2660 fortuna
554 2594 929 2678 admitteret,
988 2606 1052 2661 et
1104 2596 1297 2658 armis
1357 2591 1577 2676 obniti,
1639 2595 1694 2658 si
1750 2605 2011 2660 eventus
2061 2594 2131 2659 id
2188 2595 2454 2660 afferret.

246 2678 379 2758 Qui
430 2679 611 2742 missi
664 2678 912 2742 fuerant
968 2678 1050 2743 ad
1104 2678 1398 2760 insidias,
1452 2702 1569 2764 per
1619 2678 1762 2742 loca
1803 2681 2142 2744 constituta
2199 2688 2260 2744 et
2309 2687 2458 2744 nota

242 2761 675 2849 proditoribus
730 2771 1066 2827 occurrunt
1134 2772 1197 2827 et
1245 2761 1554 2827 Karolum
1597 2784 1742 2826 cum
1783 2762 1982 2826 multo
2026 2763 2308 2849 equitatu
2350 2762 2456 2827 ad-

238 2848 494 2911 venisse
508 2858 550 2888 ¹²¹
589 2847 895 2910 nuntiant.
980 2847 1339 2911 Proditores
1382 2847 1605 2931 gavisi,
1657 2844 2084 2932 exploratores
2135 2848 2459 2911 remittunt

236 2939 307 2995 et
347 2929 587 2994 Karolo
642 2930 763 2995 cito
818 2930 1042 2995 adesse
1095 2929 1417 2995 mandant.
1519 2930 1766 3010 Quibus
1824 2931 2122 3016 cognitiS,
2179 2928 2456 2994 Karolus

243 3017 429 3077 *cum
472 3013 603 3077 suis
657 3036 771 3099 per
818 3015 1053 3079 montis
1110 3014 1397 3079 devexa¹¹
1440 3014 1616 3079 urbis
1671 3023 1921 3100 portam
1961 3035 2299 3100 aggressus
2343 3021 2456 3077 est.

243 3095 419 3162 Sed⁰
460 3096 723 3182 vigilesP
768 3120 913 3161 cum
954 3120 1039 3162 ex
1078 3097 1335 3162 fremitu
1376 3119 1684 3184 equorum
1753 3107 1815 3162 et
1867 3097 2084 3183 aliqua
2134 3096 2454 3162 collisione

236 3203 566 3246 armorum
628 3180 873 3266 aliquos
936 3181 1155 3246 adesse
1217 3182 1634 3266 persentirent
1694 3189 1758 3244 et
1817 3182 2074 3266 quinam
2141 3189 2350 3244 essent
2415 3203 2454 3243 a

244 3287 426 3330 muro
467 3263 883 3329 inclamarent
896 3275 925 3316 ‘1
966 3263 1407 3350 lapidibusque
1424 3277 1447 3306 ¹·
1500 3265 1684 3327 iactis
1735 3272 2048 3348 urgerent,
2099 3262 2455 3347 proditores

242 3371 423 3431 mox,
467 3346 713 3434 aliquos
754 3370 893 3412 esse
938 3345 1017 3411 de
1062 3346 1326 3428 civibus,
1368 3345 1847 3432 responderunt.
1915 3346 2060 3424 Quo
2103 3353 2455 3409 commento

240 3433 561 3518 corruptis
602 3429 936 3516 vigilibus,
989 3431 1330 3494 introrsum
1371 3439 1620 3515 portam
1672 3449 1712 3490 a
1757 3439 2054 3494 eruerunt
2105 3437 2293 3514 atque
2347 3449 2454 3492 ex-

241 3518 511 3581 ercitum
556 3518 695 3601 ipso
714 3526 735 3558 ⁵
780 3512 1147 3600 crepusculo
1160 3525 1181 3556 ⁵
1226 3523 1632 3599 exceperunt.
1770 3534 1854 3576 ox
1884 3512 2200 3577 exercitus
2229 3512 2453 3577 urbem

366 3658 412 3712 a)
444 3661 578 3702 Prov.
622 3682 675 3690 —
718 3660 909 3700 exituris
950 3670 971 3698 e
1010 3670 1125 3700 corr.
1284 3655 1332 3708 b)
1378 3657 1580 3706 aliquam
1623 3658 1982 3698 misericordiam
2012 3658 2249 3698 ostendere
2279 3659 2378 3699 add.
2412 3659 2453 3698 1.

242 3719 288 3770 c)
324 3721 429 3768 Qua
460 3729 501 3760 o.
534 3730 574 3760 c.
606 3720 933 3768 conquestione
966 3719 1005 3756 1.
1144 3715 1191 3768 d)
1224 3727 1259 3757 s.
1290 3727 1397 3757 mox
1430 3719 1470 3758 1.
1606 3715 1651 3767 e)
1682 3727 1718 3756 s.
1749 3727 1882 3756 suum
1912 3718 1953 3759 1.
2086 3715 2122 3768 f)
2154 3727 2197 3766 q.
2229 3720 2275 3757 et
2305 3717 2456 3757 celare

240 3783 437 3832 ⁴possent
468 3781 513 3818 et
544 3780 587 3818 1.
767 3776 814 3829 g)
847 3776 902 3817 A.
945 3776 1263 3816 Laudunensis
1306 3778 1347 3816 1.
1526 3773 1576 3826 h)
1609 3775 1733 3815 bona
1761 3787 1799 3816 s.
1834 3779 1874 3816 1.
2049 3772 2083 3827 i)
2118 3776 2380 3815 obtulerunt
2411 3775 2454 3814 1.

245 3836 295 3889 k)
323 3837 551 3888 pervehat.-
578 3837 699 3886 Ergo
729 3838 851 3877 inter
878 3836 1116 3876 vinearum
1147 3845 1279 3884 sepes
1309 3835 1545 3876 latuerunt
1574 3834 1720 3876 donee
1751 3835 1880 3874 missi
1911 3844 2014 3884 exp.
2160 3832 2198 3885 1)
2224 3839 2324 3883 poet
2354 3834 2453 3872 add.

240 3894 310 3947 m)
345 3897 507 3937 adesse
539 3898 584 3936 1.
732 3893 780 3948 n)
813 3905 907 3936 non
934 3895 1036 3934 sine
1065 3893 1263 3934 tumultu
1292 3894 1389 3933 add.
1424 3895 1465 3934 1.
1612 3891 1658 3944 o)
1692 3892 1839 3940 Quam
1879 3893 2017 3934 etiam
2054 3893 2311 3942 proditores
2351 3893 2456 3932 intr.

244 3967 376 4006 aper.
409 3958 450 3997 1.
484 3953 574 3995 Sed
610 3976 656 3985 —
690 3955 907 4004 vigilibus
937 3953 1190 4004 proditores
1219 3953 1267 3992 in
1296 3963 1430 4002 mora.
1460 3951 1544 4001 ins.
1701 3951 1750 4004 p)
1781 3964 1825 3992 v.
1859 3963 1888 3991 a
1916 3961 2045 3991 muro
2078 3953 2118 3995 1.
2277 3948 2326 4001 q)
2357 3961 2458 4000 pro-

242 4016 417 4056 ditores
442 4015 632 4063 primum
655 4013 870 4063 pervehat.
988 4009 1027 4064 r)
1062 4023 1150 4062 que
1176 4016 1276 4061 poet
1304 4012 1403 4051 add.
1524 4008 1564 4061 s)
1590 4014 1692 4060 poet
1719 4010 1818 4054 aad.

362 4107 419 4176 1)
446 4111 531 4160 De
561 4125 721 4161 censu
747 4109 955 4176 agrario
985 4106 1324 4174 cogitandum
1354 4122 1487 4169 esse,
1510 4111 1658 4156 recte
1687 4106 1888 4157 monuit
1913 4104 2141 4158 Guadet.
2219 4105 2276 4172 2)
2302 4105 2455 4156 Haec

240 4199 372 4234 cum
414 4183 580 4235 Cone.
616 4183 767 4234 Rem.
807 4199 855 4236 c.
896 4182 947 4234 ὅ.
986 4181 1211 4248 aliisque
1250 4181 1566 4232 testimoniis
1601 4183 1858 4246 puguant.

2479 387 2582 429 0⁸7.

2477 3039 2493 3056 ’
2511 3053 2557 3092 p.
2586 3040 2685 3085 685.
