3059 4834
735 253 1039 305 RIC'HERI
1076 254 1579 307 HISTORIARUM
1615 255 1837 307 LIBER
1874 256 1921 306 Ι.
2070 245 2087 260 “
2383 260 2452 308 23

224 424 400 489 venti
454 430 617 487 sunt.
710 420 797 485 Et
857 419 927 484 hi
1024 443 1233 506 uoque
1290 443 1406 506 per
1460 422 1817 508 predictum
1872 425 2082 489 virum
2140 425 2449 509 instructi,

226 509 504 593 receptis
561 527 600 568 a
653 504 816 570 duce
860 444 1232 590 opsiliibusa
1275 527 1432 591 quos
1475 505 1812 590 dederant,
1869 507 1952 572 ad
2007 505 2311 573 salutaria
2353 532 2448 574 sa-

227 601 553 656 cramenta
597 588 854 653 deducti
895 597 1041 652 sunt

153 740 157 744 ,
395 675 496 738 32.
581 673 670 738 Et
726 694 873 737 cum
921 674 1002 737 de
1058 673 1430 759 baptisterio
1485 684 1807 759 ageretur,
1870 674 2145 741 Wittoni
2194 677 2449 742 Rhodo-

223 759 544 824 mensium
600 755 1086 842 metropolitano
1129 758 1262 822 eisb
1304 756 1768 842 predicandum
1822 779 1863 821 a
1904 759 2066 824 duce
2109 762 2444 826 committi-

226 854 349 909 tur.
434 840 638 906 Witto
681 863 832 906 vero
855 851 879 881 0
919 863 1047 905 non
1089 863 1156 905 se
1200 840 1333 906 solo
1353 842 1382 882 ‘¹
1425 851 1777 924 contentae,
1826 841 2106 908 Heriveo
2149 845 2449 909 Remensi

225 924 562 1010 epistolam
607 928 630 954 *
651 924 891 1009 dirigit,
933 947 1051 1011 per
1093 947 1285 1010 quam
1337 923 1418 990 ab
1463 946 1540 991 eo
1584 928 1822 1011 querit,
1867 948 1993 1013 quo
2039 927 2276 1010 ordine,
2322 934 2546 1014 qua‘r·
2579 935 2683 979 ⁵⁷⁹·

225 1009 470 1073 ratione
513 1031 669 1095 gens
713 1018 858 1073 ante
898 1007 1146 1094 perfida
1184 1008 1527 1073 aecclesiae
1571 1009 1863 1074 sotianda
1914 1011 1998 1075 sit
2010 1023 2052 1074 ¹.
2137 1011 2453 1077 Heriveus

227 1114 381 1159 vero
425 1092 942 1180 metropolitanus
984 1090 1185 1157 multa
1227 1091 1557 1177 diligentia
1598 1094 1757 1159 haec
1799 1094 2137 1181 disponere
2167 1096 2453 1181 cupienS,

229 1187 610 1242 conventum
655 1177 1098 1262 episcoporum
1141 1175 1280 1240 fieri
1321 1177 1527 1259 iubet,
1580 1188 1651 1242 ut
1704 1176 2049 1243 multorum
2098 1177 2451 1244 rationibus

227 1283 330 1324 res
375 1260 600 1326 idonee
645 1259 1144 1325 distribueretur.

399 1345 497 1410 33.
583 1345 669 1409 Et
711 1343 815 1408 die
856 1345 1198 1409 constituta
1239 1343 1500 1408 sinodus
1551 1344 1768 1410 habita
1810 1356 1924 1411 est.
2020 1345 2099 1408 In
2156 1367 2283 1432 qua
2322 1347 2448 1430 pri-

226 1450 404 1491 mum
423 1441 447 1471 θ
492 1427 571 1492 (16
613 1449 773 1514 pace
817 1438 880 1492 et
927 1427 1038 1492 reli
1087 1428 1232 1493 ione
1276 1438 1530 1492 sanctae
1575 1429 1702 1493 Dei
1758 1427 2107 1494 aecclesiae
2160 1438 2451 1514 statuque

225 1513 408 1595 regni
464 1513 857 1576 Francorum
913 1510 1051 1575 salu
1099 1511 1251 1576 riter
1305 1533 1382 1575 ac
1426 1523 1859 1598 competenter
1900 1522 2241 1579 tractatum
2294 1523 2391 1578 est
2408 1524 2452 1595 ²,

224 1604 372 1680 post
411 1617 562 1661 vero
607 1596 687 1661 de
727 1596 1079 1681 piratarum
1121 1595 1518 1680 mitigatione
1562 1607 1751 1682 atque
1816 1597 2225 1662 conversione
2267 1597 2452 1663 uber-

225 1680 385 1744 rime
427 1681 754 1765 agitatum.
841 1679 1188 1745 Decretum
1245 1701 1499 1778 quoque
1557 1679 1636 1744 de
1693 1679 1917 1745 eodem
1961 1680 2043 1746 ab
2086 1683 2229 1767 ipsa
2270 1681 2451 1745 Divi-

225 1763 421 1828 nitate
463 1765 770 1828 rationem
815 1762 1246 1850 quaerendam
1263 1811 1278 1841 ,
1323 1762 1737 1828 ieiunandum
1782 1766 1973 1829 etiam
2030 1763 2112 1828 ab
2158 1765 2451 1830 omnibus

225 1845 467 1929 tridu03
555 1847 789 1913 domno
833 1870 983 1913 vero
1027 1868 1234 1946 papae
1276 1847 1344 1912 id
1387 1870 1524 1912 esse
1569 1848 2037 1933 suggerendum
2054 1897 2070 1930 ,
2124 1858 2221 1931 ut,
2277 1850 2453 1914 invo-

227 1939 371 1994 cata
412 1953 530 2018 per
571 1932 875 1995 ieiunium
919 1932 1305 2011 Divinitate,
1350 1940 1414 1994 et
1455 1931 1690 1994 domno
1732 1952 1905 2017 papa
1945 1931 2266 1998 humiliter
2307 1954 2452 1996 con-

228 2013 396 2078 sulto
413 2063 430 2097 ,
489 2014 802 2080 efficatius
860 2037 962 2080 res
1018 2015 1433 2079 ordinaretur.
1533 2011 1857 2078 Revolutis
1921 2016 2139 2100 itaque
2190 2024 2452 2113 patrum

227 2098 519 2179 decretis,
561 2097 950 2164 reverendus
993 2095 1516 2184 metropolitanus
1559 2098 1873 2162 Heriveus
1936 2099 2021 2162 24
2063 2096 2343 2184 capitula
2384 2099 2452 2161 in

226 2180 552 2246 volumine
596 2181 932 2264 ordinavit,
975 2179 1431 2245 rationabiliter
1471 2202 1549 2244 ac
1591 2179 1828 2246 utiliter
1854 2180 2103 2266 digesta
2145 2191 2209 2246 et
2252 2180 2449 2267 quali-

225 2275 326 2329 ter
380 2265 571 2328 rudes
636 2266 703 2328 in
753 2264 880 2329 fide
931 2263 1209 2330 habendi
1259 2273 1406 2328 sunt
1468 2265 1875 2329 continentia.
1984 2265 2165 2346 Quae
2239 2267 2453 2329 omnia

229 2346 582 2412 venerabili
608 2348 996 2413 Rodomensi
1025 2348 1270 2414 Witoni
1299 2344 1615 2433 delegavit
1630 2359 1672 2410 ².
1731 2346 1951 2413 *Illef·
1968 2359 1991 2392 ²
2024 2370 2175 2415 vero
2210 2349 2449 2435 excipi·
2466 2359 2483 2380 ⁸
2501 2363 2582 2405 fol·
2612 2364 2687 2406 10·

231 2454 362 2514 ens,
405 2431 686 2498 utiliter&
728 2442 1053 2518 sumptum
1094 2433 1422 2516 negotium
1465 2433 1950 2497 consummavit.

396 2517 497 2580 34.
582 2515 726 2579 Hac
743 2517 791 2558 ¹¹·
808 2526 832 2562 ⁸
877 2516 1067 2581 etiam
1109 2523 1520 2602 tempestate⁴¹
1707 2538 1968 2599 eneruS,
2022 2517 2122 2581 vir
2164 2515 2451 2581 consula·
2468 2523 2644 2573 915116·

228 2599 420 2662 risi-³
480 2609 543 2664 et
604 2598 868 2682 nobilis,
914 2622 990 2664 co
1084 2600 1376 2664 omentok
1430 2597 1648 2664 Collo·
1687 2621 1921 2685 ongus,
1986 2601 2175 2665 cuius
2218 2602 2451 2666 etiam0

225 2681 439 2748 obitus
481 2683 745 2747 multam
788 2685 881 2748 rei
914 2707 1014 2782 pu
1059 2683 1217 2749 licae
1258 2684 1325 2747 in
1375 2682 1644 2769 Belgica
1683 2683 1895 2749 intulit
1944 2683 2229 2766 labem*,
2282 2706 2453 2750 com-

225 2769 403 2831 muni
460 2768 745 2853 corporis
802 2767 1152 2833 valltudine
1202 2776 1408 2832 tactus
1467 2777 1529 2832 et
1586 2789 1955 2854 oppressuS,
2026 2768 2219 2835 finem
2282 2770 2452 2834 vitae

225 2851 402 2935 apud
465 2853 788 2916 Marsuam
816 2851 1143 3000 (palatium
1200 2873 1351 2917 acce
1397 2852 1465 2917 it.
1569 2852 1767 2917 Cuius
1826 2853 2113 2938 exequiis
2170 2852 2447 2919 Karolus

225 2956 344 2999 rex
398 2935 757 3000 interfuisse
861 2938 1048 3001 icitur
1105 2956 1181 2998 ac
1235 2958 1355 3000 ocu
1383 2958 1452 3001 os
1505 2934 1783 3001 lacrimis
1842 2937 2117 3002 suffusus
2174 2937 2447 3002 dixisse:

226 3017 346 3100 ⁴O’‚
390 3019 700 3104 inquienS,
748 3025 849 3084 ‘ex
890 3018 1016 3085 alto
1045 3019 1367 3104 humilem,
1411 3042 1496 3084 ex
1538 3019 1749 3106 amplo
1778 3021 2212 3086 artissimum’!
2256 3018 2451 3086 altero

227 3124 585 3188 personam,
628 3102 822 3169 altero
866 3114 1342 3168 monumentum
1371 3105 1756 3190 significans
1825 3105 2232 3191 Peractisque
2275 3126 2455 3170 exse·

228 3187 426 3271 quiis,
475 3185 864 3270 GislebertO,
909 3188 1045 3252 eius
1087 3186 1252 3270 filio,
1294 3190 1425 3252 iam
1466 3188 1633 3253 facto
1677 3190 1920 3272 iuveni,
1963 3199 2297 3274 paternum
2340 3187 2452 3252 ho-

227 3291 448 3335 norem
534 3292 750 3419 cgram
821 3272 1218 3358 principibus
1301 3273 1413 3358 qui
1501 3272 1941 3338 confluxerant
2012 3270 2451 3336 liberalissime

225 3375 552 3419 accommo
601 3364 682 3418 at.

372 3479 420 3548 *)
459 3483 689 3549 partium
726 3481 912 3532 Karoli
948 3481 1234 3534 fidissimus
1270 3489 1412 3534 tutor
1449 3482 1648 3533 Ekkeh.

347 3589 394 3643 a)
424 3592 681 3640 hospitibus
716 3593 756 3644 1,
799 3602 1010 3640 aupes-scr.
1042 3592 1095 3632 si.
1254 3592 1301 3640 b)
1333 3603 1416 3631 vox
1447 3592 1645 3630 obscura.
1796 3588 1837 3640 6)
1871 3602 1893 3630 ο
1922 3601 2035 3630 corr.
2174 3589 2223 3642 d)
2259 3601 2360 3631 6666
2393 3589 2448 3643 (9)

226 3661 318 3688 orr.
351 3661 400 3690 se
431 3650 545 3690 solo.
697 3650 740 3699 6)
778 3655 880 3700 post
909 3651 1010 3689 add.
1159 3649 1197 3701 f)
1230 3650 1315 3699 sol.
1350 3651 1418 3690 10.
1450 3656 1487 3690 ct
1521 3652 1590 3690 11.
1621 3650 1709 3689 azio
1739 3661 1813 3688 nec
1843 3661 1931 3689 uno
1964 3655 2151 3698 tempore
2198 3651 2363 3699 scripta
2412 3654 2452 3689 et

229 3720 358 3759 quam
380 3710 584 3758 pluribus
610 3710 782 3748 rasuris
815 3710 948 3759 plena
985 3710 1154 3759 prioris
1183 3710 1442 3749 recensionis
1461 3709 1714 3758 sraqmema
1745 3720 1831 3748 esse
1861 3709 2071 3756 videntur,
2099 3714 2257 3758 postea
2288 3709 2452 3748 demum

225 3779 321 3806 cum
352 3769 461 3807 libro
492 3769 634 3818 qualis
661 3780 778 3808 nunc
809 3773 871 3808 eet
897 3770 1139 3818 conjuncta.
1275 3767 1321 3819 g)
1354 3768 1672 3808 efficacissime
1716 3773 1853 3818 atque
1898 3768 2072 3808 utiliter
2104 3769 2145 3810 1.
2269 3766 2318 3818 h)
2353 3768 2452 3808 Hac

231 3831 290 3868 et.
323 3828 370 3866 in
401 3828 492 3866 loco
522 3837 640 3866 raso.
733 3826 767 3877 i)
800 3838 848 3867 u.
867 3839 905 3869 c.
923 3829 1015 3868 cod.
1106 3827 1154 3880 k)
1185 3838 1225 3870 c.
1245 3826 1295 3868 C.
1323 3828 1371 3866 in
1399 3839 1537 3877 mar-9.

381 3921 438 3990 1)
477 3924 559 3974 Ex
596 3923 752 3974 Flod.
791 3924 863 3974 Η.
893 3925 1047 3974 Rem.
1087 3924 1182 3986 IV,
1215 3923 1299 3986 14,
1336 3924 1430 3974 ubi
1465 3924 1603 3974 haec
1640 3928 1760 3990 post
1796 3939 2029 3990 pugnam
2070 3923 2452 3975 carnotensem

231 3998 374 4048 facta
431 3997 694 4048 dicuntur.
881 3995 938 4062 2)
977 3996 1130 4048 Flod.
1183 3996 1220 4049 l.
1258 3997 1295 4048 1.
1345 3999 1599 4063 sequitur,
1656 3995 1750 4048 sed
1804 4013 1890 4048 res
1947 3996 2106 4047 aliter
2162 3996 2454 4061 coniungit.

229 4070 291 4134 3)
333 4070 503 4138 Capp.
543 4070 792 4122 34.—40.
843 4069 1198 4122 Ekkehardus
1235 4071 1437 4138 Uraug.
1473 4071 1530 4120 in
1567 4070 1787 4120 historia
1823 4070 2068 4121 Heinrici
2087 4069 2133 4121 1.
2174 4071 2455 4136 excerpsit.

233 4141 293 4209 4)
331 4144 627 4208 Reginoi-us
664 4146 771 4194 iam
808 4160 856 4195 a.
884 4145 1009 4195 915.
1049 4151 1283 4196 mortuus
1322 4159 1438 4196 esse
1487 4143 1725 4207 videtur3
1766 4143 1833 4195 cf.
1860 4143 2099 4206 Wittich,
2124 4143 2455 4208 Lothriugen

232 4233 284 4283 p.
323 4216 408 4268 89.
560 4215 617 4283 5)
655 4219 693 4268 i.
734 4232 782 4268 e.
821 4233 1016 4270 comes.
