3059 4834
725 259 1029 312 RIOHERI
1066 260 1570 314 HISTORIARUM
1608 261 1830 312 LIBER
1867 261 1941 314 Π.
2367 261 2435 311 47

204 429 503 495 Tandem
547 450 701 492 vero
745 427 947 493 multa
990 428 1463 513 expugnatione
1506 428 1791 492 attritum
1822 428 2176 513 ingreditur
2208 437 2434 493 totum-

251 536 335 578 ue
378 512 691 601 pervadit.
748 510 999 576 Arnulfi
1042 510 1271 576 milites
1318 533 1538 576 omnes
1584 511 2084 597 comprehendit.
2143 513 2434 593 Quorum

205 620 247 662 a
271 599 371 662 ios
413 595 629 683 gladio
673 603 911 678 enecat,
955 593 1113 659 alios
1155 597 1345 661 uxori
1373 597 1667 682 natisque
1696 597 2054 682 repetendis
2085 606 2433 662 conserva-t.

426 755 523 819 15.
592 752 1029 839 Congressusa
1072 753 1321 819 Erluini
1366 765 1554 818 cuma
1606 752 1912 821 militibus
1956 752 2224 817 Arnulfi.

380 873 685 940 Arnulfus
750 883 924 939 tanta
988 895 1247 939 suorum
1322 875 1678 940 calamitate
1750 872 2095 955 confectus,
2165 871 2434 936 militesb

208 958 455 1045 colligit
510 979 745 1044 eosque
799 959 867 1021 in
917 957 1256 1022 Erluinum
1316 959 1527 1040 mittit,
1587 959 1698 1044 qui
1753 958 1890 1021 eius
1944 969 2178 1022 terram
2235 978 2436 1041 usque

206 1045 297 1109 ad
356 1042 663 1130 oppidum
730 1041 1215 1128 depopulentur.
1317 1043 1696 1128 Directique
1713 1091 1730 1124 ,
1795 1041 2106 1106 incendiis
2172 1041 2437 1104 circum-

257 1149 468 1213 uaque
498 1149 581 1192 ac·
603 1127 843 1224 rapinis
872 1124 1220 1190 admodum
1250 1126 1604 1209 deseviunt,
1642 1125 1966 1212 multaque
1994 1146 2209 1190 rerum
2238 1123 2438 1210 preda

207 1235 249 1276 a
296 1212 508 1292 ducta,
552 1210 956 1292 festlnabant,
1018 1232 1164 1274 cum
1220 1209 1412 1296 legati
1466 1211 1550 1276 ab
1607 1209 1872 1274 Erluino
1928 1210 2264 1290 affuerunt,
2324 1207 2434 1294 qui

206 1297 583 1377 indicarent,
646 1295 837 1380 quod,
902 1295 1025 1358 nisi
1077 1303 1277 1360 totam
1379 1295 1598 1359 redam
1654 1295 1788 1358 sine
1845 1315 2026 1358 mora
2080 1292 2439 1373 redderent,

208 1383 348 1446 sine
390 1400 571 1444 mora
613 1381 705 1444 eis
749 1400 889 1444 esse
932 1377 1313 1464 congredien
1364 1401 1493 1442 um.
1566 1378 1802 1444 Hostes
1845 1377 2228 1463 legationem
2267 1398 2437 1461 sper-

208 1474 453 1546 nentes,
498 1471 691 1549 capta
730 1461 1049 1528 abducere
1107 1462 1566 1529 accelerabant.
1664 1463 1894 1548 Legati
1947 1461 2240 1547 regressi,
2298 1481 2438 1524 sese

208 1550 493 1615 abiectos
537 1547 831 1612 referunt.
906 1550 928 1576 ’⁸
943 1545 1245 1611 Erluinus
1290 1569 1437 1612 cum
1484 1546 1963 1632 quadringentis
2006 1554 2395 1609 armatorum
2412 1555 2436 1586 ⁰

208 1655 369 1698 mox
410 1632 720 1719 processit
761 1652 838 1695 ac
892 1628 1337 1696 festinantibus
1397 1631 1783 1717 supervenit.
1883 1628 1986 1693 Illi
2027 1650 2179 1694 vero
2283 1628 2437 1692 reda

206 1717 433 1782 relicta
476 1716 785 1797 conversi,
828 1713 1216 1779 irruentibus
1261 1716 1702 1780 obvertuntur.
1790 1715 2006 1798 Signis
2051 1736 2132 1779 ue
2176 1734 2248 1777 co
2297 1713 2436 1794 atis„

208 1801 442 1866 acriter
497 1800 871 1863 dimicatum
931 1808 1042 1862 est.
1139 1799 1464 1864 Predones
1516 1798 1649 1864 fere
1708 1819 1925 1862 omnes
1980 1821 2024 1883 g
2047 1796 2194 1860 adio
2251 1817 2435 1861 occu-

208 1884 409 1950 buere
428 1932 445 1966 ,
517 1894 729 1969 preter
794 1881 909 1946 hos
968 1905 1126 1968 quos
1181 1882 1336 1969 fuga
1391 1882 1541 1948 belli
1596 1881 1936 1947 violentiae
1993 1881 2247 1947 exemit.
2347 1881 2436 1943 Et

207 1977 427 2033 tamen
468 1967 535 2049 ii,
580 1990 729 2032 cum
773 1967 925 2050 fuga
968 1987 1076 2030 eos
1120 1968 1495 2051 exagitaret,
1553 1967 1634 2032 ab
1678 1966 1943 2030 Erluino
2004 1967 2196 2052 post‘l
2236 1965 2435 2029 insec-

208 2061 386 2117 tante
429 2051 727 2115 atrociter
767 2049 892 2114 fusi
935 2060 1099 2115 sunt.
1198 2049 1502 2115 Erluinus
1559 2050 1773 2137 predis
1828 2052 2103 2136 receptis
2159 2070 2304 2113 cum
2347 2049 2438 2111 in-

210 2135 515 2222 gentibus
556 2136 838 2198 hostium
881 2132 1199 2197 manubiis
1243 2133 1327 2197 ad
1370 2156 1485 2198 sua
1523 2134 1791 2200 feliciter
1831 2133 2158 2199 remeavit.

372 2293 469 2356 16.
535 2288 978 2374 Belgieorume
1024 2290 1459 2438 querlimgznzi‘ae
1502 2290 1585 2353 ad
1627 2292 1884 2377 regemf
1923 2312 2113 2376 super
2155 2292 2292 2355 eius

1200 2395 1301 2437 evl
1398 2395 1432 2437 e
1448 2385 1492 2436 θ.

391 2495 533 2574 Quo
563 2504 848 2578 tempore
870 2491 1276 2579 Belgicorum
1301 2493 1627 2592 principes
1659 2492 1742 2557 ad
1770 2515 1986 2579 regem
2017 2496 2433 2561 conveniunt¹

210 2599 293 2642 ac
346 2577 643 2642 Lauduni
701 2576 874 2663 apud
936 2599 1079 2642 eum
1135 2579 1512 2662 grawssime
1570 2589 2072 2665 conqueruntur,
2131 2602 2205 2644 eo
2262 2579 2435 2666 quod

209 2661 605 2726 inconsultus
664 2662 877 2725 omnia
932 2669 1212 2747 appetat.
1302 2661 1372 2726 Si
1424 2683 1643 2726 eorum
1707 2683 1960 2750 quoque
2005 2663 2285 2729 consiliis
2327 2664 2433 2729 ad-

214 2746 523 2831 quiescat,
565 2746 633 2808 in
675 2744 914 2810 bonum
959 2747 1204 2810 exitum
1258 2768 1359 2810 res
1419 2767 1568 2810 suas
1628 2745 2006 2812 deventuras
2049 2758 2432 2830 memorant3

210 2829 297 2894 ad
356 2829 479 2894 hoc
538 2828 729 2894 etiam
773 2851 912 2895 sese
957 2830 1360 2913 convenisse,
1419 2841 1491 2896 ut
1590 2829 1701 2895 uid
1767 2829 1921 2895 velit
1977 2833 2068 2896 eis
2124 2833 2434 2918 iniungat,

214 2913 389 3012 quod
446 2913 627 2999 cupit
677 2913 743 2976 in
789 2924 955 2998 erat3
1043 2915 1098 2977 si
1149 2913 1334 2997 velit,
1394 2935 1548 2979 cons
1597 2915 1658 2978 io
1713 2923 1776 2979 et
1817 2916 2042 2998 armis,
2097 2924 2264 2980 terra
2306 2937 2437 2978 ma-

208 3019 393 3082 rique
466 3006 686 3061 contra
803 3008 969 3063 ostes
1033 3021 1170 3063 sese
1235 3019 1704 3097 congressuros.
1811 2999 1952 3062 Rex
2011 3000 2094 3064 ab
2160 3001 2252 3064 eis
2309 2999 2436 3064 fide

212 3103 395 3147 susce
444 3091 527 3162 ta,
574 3102 721 3145 cum
763 3079 963 3145 multa
1005 3079 1435 3147 benivolentia
1476 3081 1685 3147 redire
1729 3083 2037 3168 permisit,
2083 3084 2137 3148 si
2181 3083 2436 3149 fortuna

262 3188 389 3229 uan
436 3186 600 3252 oque
692 3163 939 3245 ostulet,
998 3165 1203 3231 redire
1255 3165 1504 3231 iubens.
1588 3167 1726 3231 Nec
1781 3165 1979 3231 multo
2036 3178 2182 3254 post
2239 3178 2301 3232 et
2353 3168 2434 3232 ab

305 3248 588 3314 delstano
739 3247 993 3333 glorum
1020 3271 1169 3334 rege
1200 3247 1421 3314 classis
1462 3253 1602 3335 regi
1639 3271 1784 3315 cum
1815 3252 2015 3336 copiis
2056 3252 2252 3315 missa
2281 3260 2374 3315 est
2390 3262 2433 3314 ².

214 3333 526 3398 Audierat
568 3332 758 3414 enim,
823 3329 1000 3394 illum
1042 3333 1123 3398 ab
1166 3333 1245 3397 iis
1262 3345 1293 3387 8
1377 3335 1447 3397 ui
1503 3335 1823 3399 maritima
1878 3334 2241 3400 incolebant
2294 3335 2436 3398 loca

217 3416 549 3504 exagitari,
594 3426 815 3481 contra
852 3436 1011 3500 quos
1055 3415 1273 3481 classis
1362 3417 1651 3483 imicaret
1690 3419 1828 3503 regi
1875 3440 1956 3482 ue
1999 3418 2216 3503 nepoti
2258 3419 2434 3481 auxi-

214 3501 369 3566 lium
411 3501 620 3566 ferret.
706 3499 1050 3584 Comperto
1092 3521 1266 3583 vero,
1312 3511 1534 3566 contra
1566 3523 1782 3588 regem
1824 3503 1844 3565 i
1895 3524 2075 3567 orum
2118 3503 2433 3566 neminem

214 3595 402 3668 stare,
445 3585 787 3670 ipsumque
830 3605 1048 3669 regem
1077 3584 1143 3646 in
1171 3591 1383 3668 partes
1416 3583 1799 3651 Germaniae
1826 3607 2200 3672 prosperum
2235 3607 2435 3652 seces-

216 3671 393 3752 sisse,
452 3671 615 3732 mari
656 3689 947 3732 remenso
991 3666 1074 3731 ad
1114 3668 1378 3755 propria
1419 3677 1676 3734 remeat.

334 3867 379 3920 a)
413 3880 504 3921 sue,
535 3878 613 3908 um
644 3867 756 3908 abac.
906 3865 953 3919 b)
986 3869 1185 3909 militum
1216 3867 1449 3908 cohortem
1491 3869 1532 3907 1.
1683 3864 1725 3918 c)
1757 3867 1978 3909 militibus
2013 3870 2054 3912 1.
2175 3869 2220 3924 d)
2251 3871 2281 3912 i.
2311 3880 2358 3919 p.
2393 3870 2434 3911 1.

217 3927 262 3980 e)
290 3930 345 3981 B,
377 3939 483 3980 que,
513 3927 557 3968 le
589 3927 699 3966 abac.
822 3924 857 3978 f)
889 3937 994 3968 eum
1027 3930 1067 3968 1.
1191 3925 1237 3978 g)
1270 3926 1341 3966 his
1374 3928 1415 3968 1.

340 4059 418 4127 ·1)
456 4059 613 4112 Flod.
652 4077 702 4112 a.
744 4059 869 4111 939.
910 4057 976 4109 de
1013 4058 1453 4111 Lothariensibus
1490 4057 1678 4122 refert,
1732 4059 1824 4124 qui
1873 4073 1930 4109 se
1982 4057 2266 4112 Ludovico
2317 4064 2432 4127 regi

220 4135 635 4187 committebant.
786 4129 844 4198 2)
882 4131 1039 4186 Flod.
1078 4131 1209 4184 ibid.

2453 444 2551 486 989.

2453 1553 2469 1572 ⁸
2483 1555 2564 1597 fol.
2600 1555 2688 1599 1¹2¹.
