3059 4834
728 258 1034 310 RIOHERI
1068 257 1573 311 HISTORIARUM
1610 260 1833 311 LIBER
1870 260 1973 314 ΙΙΙ.
2363 261 2466 311 127

243 448 400 490 num
445 447 592 489 cum
635 427 920 491 exercitu
972 425 1162 491 rediit
1213 425 1430 511 ibique
1483 426 1881 525 procinctum
1934 426 2137 492 solvit.
2223 424 2468 493 Urbem

242 510 608 576 Virdunum
663 532 867 596 usque
919 512 988 573 in
1033 508 1200 573 diem
1244 511 1412 574 vitae
1456 532 1591 591 eius
1634 531 2000 594 supremum
2056 510 2296 597 absque
2339 510 2469 575 ulla

241 594 664 680 restagatione
708 594 1000 659 obtinuit.
1066 593 1466 679 Disponebat
1502 603 1808 680 preterea,
1855 594 2171 681 quomodo
2204 594 2466 659 ulterius

243 678 650 763 procedendo
695 700 965 762 regnum
1009 696 1190 741 suum
1224 676 1533 761 dilataret,
1581 699 1725 741 cum
1768 700 1867 742 res
1912 701 2065 743 suae
2097 700 2465 743 successum

244 764 560 848 optimum
599 761 907 827 haberent
946 762 1254 846 regnique
1293 761 1549 826 fortuna
1584 773 1738 848 pera
1784 773 2003 849 captos
2054 764 2357 848 primates
2398 762 2466 826 id

292 845 675 911 ersuaderet.
784 845 913 910 Sed
967 846 1290 909 Divinitas
1347 868 1448 909 res
1505 845 1861 910 mundanas
1922 846 2343 912 determinans
2404 856 2467 910 et

239 868 461 1015 Eelgis
502 930 787 1015 requiem
833 939 896 993 et
937 927 1085 993 huic
1126 930 1435 1014 regnandi
1479 929 1671 994 finem
1715 929 1909 995 dedit.

955 1104 1094 1189 109.
1182 1120 1412 1187 chit-us
1453 1122 1758 1187 Lotharfi.

407 1241 573 1306 Nam
618 1264 763 1306 cum
792 1240 1064 1306 vernalis
1110 1242 1442 1308 clementia
1485 1243 1712 1309 eodem
1754 1264 1919 1307 anno
1938 1256 1954 1289 ¹
2001 1242 2193 1307 rebus
2232 1242 2463 1307 bruma

239 1325 492 1391 afflictis
535 1326 787 1409 rediret,
840 1348 956 1412 pro
999 1348 1210 1390 rerum
1259 1335 1486 1391 natura
1501 1328 1528 1369 ¹³
1587 1328 1896 1391 inmutato
1940 1348 2107 1408 aere,
2164 1325 2459 1390 Lauduni

239 1434 274 1475 e
354 1407 526 1476 otare
570 1411 796 1494 coepit.
881 1410 1070 1474 Unde
1118 1420 1388 1475 vexatus
1433 1424 1551 1475 eac
1649 1412 1899 1477 assione
1955 1434 2117 1496 quae
2178 1407 2381 1473 colica
2422 1432 2462 1473 a

237 1432 498 1593 phisicis
538 1494 788 1575 dicitur,
846 1495 912 1557 in
970 1493 1201 1557 lectum
1247 1494 1500 1559 decidit.
1589 1434 1752 1559 guid
1809 1493 1989 1558 dolor
2045 1491 2459 1559 intolerabilis

239 1600 307 1641 m
355 1586 534 1663 parte
593 1578 820 1642 dextra
873 1600 1066 1663 super
1105 1578 1384 1641 verenda
1440 1588 1593 1643 erat.
1680 1578 1784 1643 Ab
1843 1577 2147 1641 umbilico
2205 1600 2459 1664 quoque

237 1684 440 1748 usque
483 1661 564 1725 ad
607 1660 911 1748 splenem,
935 1670 1019 1725 ‘et
1060 1660 1208 1724 inde
1252 1683 1454 1747 usque
1483 1661 1567 1726 ad
1604 1662 1843 1747 inguen
1887 1662 2229 1744 sinistrum,
2276 1671 2339 1727 et
2368 1662 2461 1725 sic

237 1746 322 1810 ad
378 1768 569 1809 anum
639 1744 881 1811 infestis
938 1744 1262 1810 doloribus
1325 1744 1714 1831 pulsabatur.
1813 1744 2002 1809 Ilium
2064 1768 2317 1831 quoque
2384 1766 2463 1809 ac

238 1830 489 1894 renium
543 1830 774 1893 iniuria
829 1827 1131 1893 nonnulla
1189 1837 1355 1912 erat3
1415 1830 1783 1894 thenasmus
1826 1830 2152 1911 assiduus;
2220 1830 2458 1914 egestio

237 1914 620 1998 sanguinea3
670 1935 801 1977 vox
841 1911 1174 1998 aliquoties
1217 1913 1772 1978 intercludebatur.
1856 1913 2184 1977 Interdum
2226 1911 2461 1997 frigore

235 1997 507 2063 febrium
535 1997 799 2083 rigebat.
883 1997 1156 2080 Rugitus
1199 1997 1643 2062 intestinorum
1655 2010 1700 2077 θ,
1736 1995 2062 2059 fastidium
2105 1997 2275 2079 iuge,
2320 2017 2460 2058 ruc-

234 2092 336 2147 tus
383 2084 745 2146 conationes
789 2081 924 2145 sine
968 2081 1216 2163 effectU,
1260 2082 1497 2145 ventris
1543 2081 1859 2161 extensiO,
1918 2079 2227 2143 stomachi
2269 2080 2459 2143 ardor

235 2188 363 2230 non
421 2166 700 2231 deerant.
818 2163 1071 2249 Ingenti
1128 2165 1345 2249 itaque
1400 2163 1582 2229 luctu
1638 2173 1772 2228 tota
1821 2163 2157 2261 personatf
2208 2162 2456 2226 domus.

233 2251 341 2315 Fit
402 2250 647 2314 sonitus
701 2248 1008 2330 diversus,
1061 2246 1296 2312 clamor
1335 2249 1571 2312 varius.
1659 2246 1914 2312 Nemmi
1968 2248 2136 2312 enim
2194 2258 2458 2310 eorumg

236 2334 348 2420 qui
389 2333 654 2398 aderant
705 2330 1180 2397 inlacrimabilis
1225 2342 1359 2397 erat
1411 2352 1488 2396 ea
1542 2331 1861 2395 calamitas
1874 2334 1920 2393 Β.
2008 2331 2253 2395 Decem
2273 2341 2296 2374 ²
2340 2331 2457 2417 igi-

237 2428 342 2483 tur
392 2420 574 2481 annis
621 2417 843 2483 Ottoni
897 2426 1232 2501 superstes,
1292 2416 1611 2481 tricesimo
1656 2425 1718 2481 et
1760 2416 2029 2501 septimo
2048 2426 2072 2461 ⁸
2120 2414 2314 2477 annofl
2374 2437 2457 2479 ex

242 2522 369 2587 quo
409 2510 588 2588 patre
633 2501 929 2565 defuncto
972 2521 1170 2585 regno
1213 2501 1452 2585 potitus
1498 2510 1612 2581 est,
1664 2500 2152 2585 quadragesimo
2196 2520 2348 2563 vero
2394 2508 2458 2562 et

239 2593 464 2650 octavo
511 2607 637 2671 quo
682 2607 721 2647 a
762 2593 943 2670 patre
984 2594 1288 2670 regnante
1335 2605 1635 2649 coronam
1687 2593 1750 2648 et
1794 2592 2117 2668 sceptrum
2161 2590 2455 2667 regnatu-

232 2692 343 2733 rus
385 2670 654 2756 accepit,
697 2690 736 2731 a
776 2677 932 2732 natu
973 2678 1184 2732 autem
1227 2670 1626 2754 sexagesimo
1672 2677 1896 2733 octavo
1910 2678 1957 2749 4,
2003 2666 2305 2732 deficiens
2348 2688 2455 2730 na-

233 2763 414 2818 turae
479 2753 809 2818 concessit.
911 2752 1112 2850 (110.)
1212 2753 1464 2817 Interea
1534 2751 1871 2837 magnifice
1948 2750 2140 2814 funus
2205 2750 2455 2835 regium

231 2836 434 2902 multo
495 2838 858 2901 divitiarum
899 2836 1210 2921 regalium
1251 2836 1497 2901 ambitu
1540 2846 1893 2900 accuratur.
1978 2836 2086 2900 Fit
2144 2836 2201 2899 ei
2254 2833 2455 2898 lectus

230 2919 554 3007 regalibus
596 2920 952 3007 insignibus
996 2920 1366 3003 adornatUS„
1419 2942 1651 3006 corpus
1706 2921 1991 2985 bissinak
2033 2929 2209 2983 veste
2252 2919 2456 2982 indui-

230 3016 336 3071 tur
403 3027 481 3069 ac
559 3004 834 3090 desuper
903 3002 1074 3089 palla
1134 3027 1462 3091 purpurea
1525 3005 1822 3091 gemmis¹
1895 3014 2113 3068 ornata
2170 3024 2455 3088 auroque

229 3090 478 3156 intexta
543 3090 840 3174 operitur.
934 3088 1205 3153 Lectum
1248 3111 1591 3175 regnorum
1657 3094 1679 3119 *
1698 3090 2019 3187 primates
2068 3086 2455 3153 deferebant.

230 3174 538 3239 Preibant
577 3173 867 3259 episcopi
907 3183 970 3238 et
1009 3169 1212 3237 clerus
1257 3194 1402 3237 cum
1435 3172 1785 3257 euangehis
1815 3182 1878 3237 et
1906 3172 2221 3237 crucibus·
2250 3172 2455 3236 Penes

233 3279 396 3344 quos
449 3258 638 3321 etiam
706 3258 816 3342 qui
867 3256 1004 3319 eius
1049 3276 1344 3321 coronam
1387 3255 1659 3321 ferebati
1715 3254 1913 3319 multo
1960 3276 2114 3318 auro
2158 3256 2455 3339 gemmis-

231 3364 355 3429 que
412 3341 705 3425 pretiosis
758 3340 1060 3404 nitentem
1112 3360 1258 3404 cum
1301 3340 1440 3403 aliis
1482 3339 1694 3403 multis
1737 3336 2115 3423 insignibus,
2161 3336 2453 3401 eiulando

229 3424 585 3490 incedebat.
672 3421 968 3487 Funebre
1024 3421 1221 3486 melos
1277 3423 1555 3488 lacrimis
1610 3422 2105 3509 impedientibus
2155 3422 2268 3485 vix
2309 3442 2453 3505 pro-

227 3508 568 3575 ferebatur.
653 3507 889 3573 Milites
939 3508 1127 3571 etiam
1185 3517 1384 3572 mesto
1427 3507 1608 3573 vultu
1665 3528 1779 3569 suo
1840 3504 2060 3569 ordine
2112 3526 2301 3592 prose
2349 3526 2454 3568 ue-

229 3593 479 3660 bantur.
586 3590 854 3677 Reliqua
912 3612 1168 3676 quoque
1220 3612 1446 3656 manus
1502 3613 1647 3654 cum
1702 3589 1994 3654 lamentis
2051 3526 2451 3663 succedebat.

377 3790 424 3842 a)
455 3791 504 3830 in
536 3791 678 3840 capus
711 3792 752 3831 1.
851 3787 898 3841 b)
932 3801 978 3830 n.
1009 3789 1223 3829 Lauduni
1265 3792 1306 3831 1.
1399 3788 1439 3843 c)
1472 3801 1527 3832 eo
1560 3790 1719 3830 morbo
1749 3790 1790 3831 1.
1893 3785 1939 3839 d)
1974 3788 2023 3829 C.
2054 3786 2098 3829 d.
2128 3788 2175 3827 in
2205 3787 2301 3826 loco
2331 3797 2451 3828 raso.

228 3848 272 3903 e)
305 3846 629 3891 intestinorum
668 3861 729 3900 c.;
773 3860 865 3889 non
907 3848 1066 3889 deerat
1105 3849 1204 3891 add.
1257 3851 1297 3891 1.
1487 3847 1524 3901 f)
1567 3850 1850 3899 concrepitat
1890 3858 2105 3897 super-scr.
2158 3848 2379 3896 personat
2418 3856 2452 3888 ο.

226 3908 274 4009 ἐξ
305 3910 638 4009 {oqoqfftgerat
665 3910 705 3949 1.
827 3906 875 3959 h)
908 3908 1205 3948 cacalamitas
1236 3919 1269 3947 c.
1375 3906 1410 3959 i)
1439 3913 1537 3958 poet
1567 3908 1668 3947 add.
1769 3905 1818 3958 k)
1850 3916 2083 3957 purpurea
2115 3906 2156 3945 1.
2228 3926 2233 3934 ·
2261 3903 2296 3955 1)
2329 3914 2373 3952 g.
2409 3914 2450 3945 0.

378 4098 435 4164 1)
478 4100 609 4151 Cum
641 4098 934 4152 Virdunum
961 4100 1067 4149 iam
1109 4113 1158 4149 a.
1199 4097 1322 4148 984.
1365 4100 1577 4162 captum
1604 4098 1689 4157 sit,
1728 4096 1864 4146 haec
1902 4101 2085 4162 aperte
2126 4093 2263 4146 falsa
2301 4098 2449 4157 sunt3

225 4190 278 4227 v.
304 4175 565 4226 Wilmans
619 4189 672 4239 p.
714 4170 836 4221 178.
1022 4168 1078 4238 2)
1123 4172 1209 4223 13.
1375 4166 1434 4236 3)
1475 4170 1589 4221 33⁰.
1759 4167 1817 4235 4)
1857 4185 1906 4220 a.
1946 4169 2072 4220 941.
2112 4174 2268 4220 natus
2310 4172 2445 4232 erat3

224 4248 484 4299 Richerus
526 4252 680 4315 errat,
722 4261 754 4297 a
793 4250 922 4297 nato
953 4245 1230 4297 Ludovico
1270 4244 1363 4297 IV.
1403 4258 1715 4307 numerans3
1758 4242 1827 4296 cf.
1866 4243 1939 4307 ΙΙ,
1978 4242 2031 4294 4.
2070 4242 2175 4307 111,
2217 4243 2264 4294 2.

2484 1268 2584 1310 986.

2474 3096 2551 3148 Ἴ).
2583 3098 2684 3139 631.
