3059 4834
721 276 1028 328 RICHERI
1067 276 1577 329 HISTORIARUM
1612 277 1837 329 LIBER
1874 278 1981 329 111.
2409 280 2479 329 99

242 464 418 507 mam
460 466 578 529 per
619 466 696 509 ea
739 444 1047 508 auferant.
1133 444 1234 507 Ea
1278 444 1450 508 enim
1493 444 1585 507 sic
1628 453 1768 508 arta
1795 444 2083 526 induunt,
2127 454 2199 509 ut
2235 446 2479 531 cippati
2497 462 2601 503 ⁹⁷².

291 551 409 593 ene
451 530 543 591 im
593 528 904 592 odiantur.
990 528 1068 591 In
1112 527 1344 613 quibus
1375 527 1566 593 etiam
1596 537 1803 592 rostra
1831 538 2249 615 componunt3
2294 551 2479 594 aures

240 551 436 677 {inca
477 614 546 675 in
595 636 630 676 e
673 612 944 697 erigunt.
1003 610 1091 676 Et
1131 635 1212 677 ne
1254 610 1530 693 folleant,
1576 632 1683 674 ma
1728 613 1853 675 nob
1899 634 2089 699 opere
2132 611 2480 677 elaborant.

241 696 336 762 Ut
378 696 634 761 luceant
679 717 955 782 quoque,
1000 693 1256 759 famulis
1302 696 1571 759 consciis
1614 696 1682 758 in
1727 698 1943 762 icunt'.

621 834 724 899 40.
792 834 936 899 Dec
975 832 1186 898 linteis
1233 842 1298 899 et
1340 834 1685 919 operibus⁶
1730 832 2089 919 superfluis.

419 940 544 1002 ‘An
596 935 793 1001 lintea
857 957 1128 1022 operosa
1188 946 1381 1021 atque
1438 934 1711 1020 pellicea
1770 936 2167 1021 operimenta
2208 935 2476 1000 sileam‘»>

243 1020 432 1104 Cum,
475 1023 758 1107 inquam,
803 1041 844 1082 a
883 1020 1234 1084 maioribus
1278 1018 1653 1085 clementiae
1697 1020 1907 1105 gratia
1945 1018 2251 1106 prolenis
2294 1020 2476 1083 indui

240 1104 516 1205 pellibus
587 1103 1018 1176 mediocribus
1090 1125 1463 1168 concessum
1536 1106 1648 1186 sit,
1721 1104 1947 1168 vitium
2020 1102 2475 1189 superfluitatis

239 1191 516 1274 irrepsit.
600 1188 791 1252 Unde
836 1198 900 1252 et
940 1209 1112 1253 1111110
1154 1188 1511 1273 peregrinis
1557 1190 1967 1273 operimentis
2009 1186 2239 1253 limbos
2271 1185 2473 1273 bipal-

239 1295 382 1338 mos
436 1272 925 1337 circumducunt
976 1281 1168 1358 atque
1221 1272 1452 1358 pannis
1494 1271 1747 1337 Noricis
1806 1294 1883 1337 ea
1940 1272 2215 1357 desuper
2268 1271 2473 1357 dupli-

241 1368 408 1423 cant.
495 1356 740 1422 Linteis
783 1377 936 1420 vero
979 1377 1097 1441 pro
1143 1355 1438 1441 stragulis
1483 1357 1744 1421 minime
1789 1356 1886 1420 uti
1928 1377 2301 1420 concessum
2345 1366 2473 1437 est,

240 1442 352 1506 sed
418 1463 459 1504 a
523 1440 910 1527 quibusdam
981 1442 1195 1503 minus
1265 1438 1581 1524 religiosis
1654 1440 1921 1505 caeteris
1993 1439 2334 1525 superfluis
2404 1439 2475 1504 id

239 1525 530 1589 additum
574 1534 688 1589 est.
777 1524 1068 1603 Quorum
1109 1545 1414 1587 numerus
1457 1544 1604 1587 cum
1648 1546 1731 1587 ex
1774 1521 1934 1587 locis
1976 1522 2247 1587 diversis
2327 1522 2476 1587 luri·

239 1632 383 1673 mus
426 1618 612 1691 esset,
659 1631 699 1674 a
740 1606 1102 1695 pluralitate
1147 1606 1463 1671 malorum
1513 1605 1829 1672 bonorum
1870 1607 2183 1694 paucitati
2223 1608 2245 1669 i
2333 1630 2509 1692 per-.

239 1713 500 1758 suasum
545 1696 677 1758 est'.

785 1813 888 1877 41.
954 1812 1104 1876 Ded
1145 1809 1605 1876 femoralibus(¹
1645 1812 1942 1897 iniquisd.

407 1932 561 1999 ‘Sed
634 1933 790 2019 quid
859 1931 1190 1997 femoralia
1258 1933 1480 2017 iniqua
1535 1930 1849 1995 referam?
1917 1929 2170 1995 Horum
2234 1930 2471 1995 etenim

236 2018 490 2084 tibiales
535 2027 762 2103 quater
804 2015 1186 2103 sesquipede
1229 2025 1453 2114 patent
1491 2024 1686 2099 atque
1744 2036 1828 2078 ex
1882 2014 2173 2077 staminis
2228 2010 2471 2076 subtili-

237 2113 367 2168 tate
411 2103 604 2167 etiam
647 2100 951 2187 pudenda
992 2097 1384 2164 intuentlbus
1427 2120 1559 2163 non
1612 2106 1975 2183 protegunt.
2071 2096 2152 2160 In
2196 2117 2470 2181 quorum

237 2186 704 2272 compositione
747 2184 815 2250 id
857 2184 969 2247 uni
1012 2206 1142 2248 non
1171 2183 1424 2265 sufficit,
1471 2203 1599 2269 quo
1630 2179 1756 2245 duo
1788 2180 2067 2245 contenti
2096 2180 2180 2243 ad
2207 2177 2469 2264 plenum

237 2293 376 2336 esse
417 2268 721 2335 valerent.
805 2268 988 2333 Haec
1032 2290 1251 2332 coram
1291 2268 1396 2331 hic
1454 2264 1673 2347 relata,
1738 2287 1822 2329 an
1863 2264 2191 2349 prohiberi
2244 2261 2471 2345 velitis,

237 2354 537 2418 indicate.
625 2353 898 2418 Caetera
938 2373 1093 2416 vero
1136 2352 1368 2415 nostris
1397 2348 1684 2414 conciliis
1714 2350 1782 2412 in
1811 2349 2063 2433 privato
2094 2346 2474 2432 corrigenda

241 2440 465 2503 erunt’.
553 2436 834 2501 Sinodus
877 2435 1072 2500 dixit:
1117 2435 1262 2499 ‘Ete
1307 2434 1804 2520 prohibeantur'.

545 2576 650 2640 42.
714 2576 1070 2661 Responsio
1115 2572 1589 2660 metropolitani
1632 2572 1716 2637 ad
1758 2571 2098 2667 primatem
2116 2569 2151 2633 f.

406 2693 514 2758 Ad
569 2695 730 2760 haec
787 2715 1041 2795 quoque
1097 2706 1299 2760 metro
1347 2694 1623 2759 olitanus
1677 2691 2033 2757 subiunxit:
2099 2688 2471 2755 ‘Gravitatis

237 2778 500 2865 quidem
553 2788 804 2843 vestrae
856 2779 978 2844 fiut
1028 2800 1236 2865 pauca
1348 2777 1576 2842 icendo
1633 2774 1924 2863 pluribus
1990 2795 2283 2861 parcere3
2355 2773 2470 2838 sed

238 2865 584 2949 quoniam&
624 2862 783 2927 haee
826 2885 990 2948 quae
1038 2864 1551 2948 reprehensimus
1607 2863 1677 2925 in
1733 2870 1949 2925 vestro
1996 2858 2215 2923 ordine
2260 2856 2473 2923 subia-

237 2956 406 3029 cent,
451 2947 578 3012 alia
619 2947 825 3029 nobis,
868 2946 995 3011 alia
1034 2969 1186 3012 vero
1229 2948 1498 3032 privatis
1556 2944 1845 3010 conciliis
1891 2943 2269 3028 corrigenda
2308 2941 2472 3005 iudi-

237 3032 419 3114 catiS,
461 3032 633 3095 idem
677 3032 900 3113 senti0,
943 3030 1117 3096 idem
1158 3030 1372 3096 laudo.
1457 3029 1649 3095 Unde
1708 3040 1773 3094 et
1830 3051 1993 3114 quae
2046 3026 2153 3090 hic
2194 3025 2471 3091 inhiberi

235 3126 455 3181 vestra
511 3116 798 3213 gravitas
861 3116 1052 3200 petit,
1113 3125 1334 3179 nostra
1394 3115 1741 3179 auctoritas
1796 3110 2137 3177 interdicit.
2245 3109 2471 3190 *Quae
2491 3135 2607 3182 ποι.
2628 3140 2701 3183 ³5.

236 3200 424 3265 vobis
498 3197 743 3263 sllendo
821 3200 1194 3264 reservastis
1211 3247 1228 3280 ,
1315 3199 1543 3265 vestris
1612 3195 2028 3282 relinquimus
2098 3194 2475 3257 inmutanda

235 3284 516 3348 iuditiis’.
602 3282 726 3347 His
755 3304 1010 3381 quoque
1040 3281 1247 3364 dictis,
1292 3282 1555 3346 sinodus
1584 3280 1789 3345 soluta
1817 3287 1933 3343 est.
2008 3277 2155 3358 Quo
2184 3287 2473 3374 tempore

237 3365 698 3433 monachorum
739 3363 964 3452 religio
1009 3366 1357 3432 admodum
1399 3364 1633 3447 floruit,
1691 3384 1835 3426 011111
1880 3382 2102 3426 eorum
2144 3358 2471 3445 religionis

285 3451 664 3517 eritissimus
707 3448 1234 3537 metropolitanus
1275 3450 1463 3514 huius
1505 3448 1600 3513 rei
1627 3446 1913 3510 hortator
1941 3453 2109 3509 esset
2136 3452 2201 3507 et
2228 3464 2469 3508 suasor.

298 3537 368 3599 th
427 3545 500 3599 ut
556 3533 876 3600 nobilitati
933 3556 1085 3598 suae
1149 3534 1218 3596 in
1261 3531 1559 3596 omnibus
1614 3529 2063 3615 responderet,
2121 3526 2468 3592 aecclesiae

239 3640 391 3685 suae
421 3618 586 3683 filios
617 3618 874 3683 studiisi
916 3616 1288 3683 liberalibus
1329 3617 1640 3680 instruere
1682 3612 1918 3678 utiliter
1934 3624 1959 3655 θ
2006 3611 2371 3698 quaerebat.

657 3758 760 3822 43.
823 3756 1160 3822 Adventus
1206 3754 1507 3821 Gerberti
1548 3754 1615 3816 in
1663 3749 2051 3841 [Galliamq.

409 3859 534 3926 Oui
577 3860 790 3940 etiam,
837 3880 983 3921 cum
1026 3856 1209 3942 apud·
1245 3880 1384 3923 sese
1429 3878 1625 4006 sqper
1665 3853 1789 3918 hoc
1832 3852 2047 3939 aliqua
2069 3849 2469 3933 deliberaret,

236 3944 319 4009 ab
378 3946 521 4029 ipsa
571 3943 926 4008 Divinitate
988 3941 1268 4007 directus
1326 3950 1424 4006 est
1547 3936 1835 4003 erbertus
1848 3938 1887 4020 ¹,
1949 3936 2171 4022 magni
2223 3935 2467 4019 ingenii

356 4147 401 4200 a)
434 4150 517 4190 11111
547 4160 662 4193 corr.
696 4150 820 4191 111110.
968 4146 1017 4201 b)
1049 4148 1194 4189 multo
1228 4150 1268 4189 1.
1421 4146 1462 4200 0)
1493 4148 1567 4187 De
1596 4146 1631 4197 l,
1662 4144 1727 4185 bu
1755 4143 1869 4185 abac.
2012 4141 2059 4195 d)
2090 4142 2179 4194 De,
2208 4142 2243 4192 f,
2274 4142 2325 4182 in
2356 4141 2478 4184 abac.

239 4207 284 4261 e)
311 4214 415 4259 poet
447 4210 546 4251 add.
667 4206 703 4259 f)
736 4209 826 4248 rim
856 4208 970 4249 abso.
1075 4206 1122 4259 g)
1155 4218 1275 4257 quae
1307 4206 1432 4247 dicta
1463 4207 1572 4247 sunt
1602 4204 1737 4245 nobis
1772 4205 1810 4245 1.
1898 4199 1948 4255 h)
1979 4202 2039 4243 Et
2068 4205 2119 4243 ut
2147 4202 2197 4242 in
2226 4201 2318 4241 loco
2348 4212 2471 4242 raso.

237 4267 273 4320 i)
307 4268 485 4309 studuis
516 4278 632 4309 corr.
667 4268 848 4310 studiis.
964 4265 1016 4319 k)
1048 4266 1252 4308 Galliam
1282 4266 1394 4309 absc.
1515 4263 1552 4316 1)
1584 4275 1626 4314 g.
1660 4276 1698 4304 ο.
1731 4273 1907 4313 semper.

1922 4334 2000 4396 7.
