<?xml version="1.0" encoding="UTF-8"?>
<!DOCTYPE html PUBLIC "-//W3C//DTD XHTML 1.0 Transitional//EN"
    "http://www.w3.org/TR/xhtml1/DTD/xhtml1-transitional.dtd">
<html xmlns="http://www.w3.org/1999/xhtml" xml:lang="en" lang="en">
 <head>
  <title>
</title>
<meta http-equiv="Content-Type" content="text/html;charset=utf-8" />
  <meta name='ocr-system' content='tesseract 3.04.00' />
  <meta name='ocr-capabilities' content='ocr_page ocr_carea ocr_par ocr_line ocrx_word'/>
</head>
<body>
  <div class='ocr_page' id='page_1' title='image "./richerihistoria00unkngoog_0111.png"; bbox 0 0 3059 4834; ppageno 0'>
   <div class='ocr_carea' id='block_1_1' title="bbox 474 475 578 517">
    <p class='ocr_par' dir='ltr' id='par_1_1' title="bbox 474 475 578 517">
     <span class='ocr_line' id='line_1_1' title="bbox 474 475 578 517; baseline 0.019 -2"><span class='ocrx_word' id='word_1_1' title='bbox 474 475 578 517; x_wconf 75' lang='lat'>9⁶0.</span> 
     </span>
    </p>
   </div>
   <div class='ocr_carea' id='block_1_2' title="bbox 369 2002 581 2056">
    <p class='ocr_par' dir='ltr' id='par_1_2' title="bbox 369 2002 581 2056">
     <span class='ocr_line' id='line_1_2' title="bbox 369 2002 581 2056; baseline 0.009 -9"><span class='ocrx_word' id='word_1_2' title='bbox 369 2002 385 2021; x_wconf 78' lang='lat'><strong>‘</strong></span> <span class='ocrx_word' id='word_1_3' title='bbox 402 2017 446 2056; x_wconf 86' lang='lat' dir='ltr'>p.</span> <span class='ocrx_word' id='word_1_4' title='bbox 480 2006 581 2049; x_wconf 77' lang='lat'>614.</span> 
     </span>
    </p>
   </div>
   <div class='ocr_carea' id='block_1_3' title="bbox 440 2255 583 2300">
    <p class='ocr_par' dir='ltr' id='par_1_3' title="bbox 440 2255 583 2300">
     <span class='ocr_line' id='line_1_3' title="bbox 440 2255 583 2300; baseline 0 0"><span class='ocrx_word' id='word_1_5' title='bbox 440 2258 527 2300; x_wconf 72' lang='lat'>9⁷2</span> <span class='ocrx_word' id='word_1_6' title='bbox 544 2255 583 2300; x_wconf 64' lang='grc' dir='ltr'>ἲ.</span> 
     </span>
    </p>
   </div>
   <div class='ocr_carea' id='block_1_4' title="bbox 365 3561 587 3610">
    <p class='ocr_par' dir='ltr' id='par_1_4' title="bbox 365 3561 587 3610">
     <span class='ocr_line' id='line_1_4' title="bbox 365 3561 587 3610; baseline 0.018 -4"><span class='ocrx_word' id='word_1_7' title='bbox 365 3561 382 3581; x_wconf 79' lang='grc'><em>·</em></span> <span class='ocrx_word' id='word_1_8' title='bbox 395 3566 481 3608; x_wconf 76' lang='lat' dir='ltr'>fol.</span> <span class='ocrx_word' id='word_1_9' title='bbox 514 3567 587 3610; x_wconf 75' lang='lat'>34.</span> 
     </span>
    </p>
   </div>
   <div class='ocr_carea' id='block_1_5' title="bbox 598 282 2380 338">
    <p class='ocr_par' dir='ltr' id='par_1_5' title="bbox 598 282 2380 338">
     <span class='ocr_line' id='line_1_5' title="bbox 598 282 2380 338; baseline -0.001 0"><span class='ocrx_word' id='word_1_10' title='bbox 598 287 670 338; x_wconf 79' lang='lat'>94</span> <span class='ocrx_word' id='word_1_11' title='bbox 1122 283 1427 336; x_wconf 64' lang='lat' dir='ltr'>mem-31³1</span> <span class='ocrx_word' id='word_1_12' title='bbox 1463 282 1975 336; x_wconf 77' lang='lat' dir='ltr'>HISTORIARUM</span> <span class='ocrx_word' id='word_1_13' title='bbox 2009 283 2236 334; x_wconf 73' lang='lat' dir='ltr'><strong>LIBER</strong></span> <span class='ocrx_word' id='word_1_14' title='bbox 2271 283 2380 336; x_wconf 84' lang='lat'>111.</span> 
     </span>
    </p>
   </div>
   <div class='ocr_carea' id='block_1_6' title="bbox 597 448 2868 2817">
    <p class='ocr_par' dir='ltr' id='par_1_6' title="bbox 597 448 2868 1607">
     <span class='ocr_line' id='line_1_6' title="bbox 602 448 2867 534; baseline 0 -18"><span class='ocrx_word' id='word_1_15' title='bbox 602 449 1065 534; x_wconf 81' lang='lat' dir='ltr'><strong>cohabitarent,</strong></span> <span class='ocrx_word' id='word_1_16' title='bbox 1106 471 1358 515; x_wconf 82' lang='lat' dir='ltr'>necnon</span> <span class='ocrx_word' id='word_1_17' title='bbox 1399 459 1465 515; x_wconf 89' lang='lat' dir='ltr'>et</span> <span class='ocrx_word' id='word_1_18' title='bbox 1519 448 1980 532; x_wconf 87' lang='lat' dir='ltr'>dormitorium,</span> <span class='ocrx_word' id='word_1_19' title='bbox 2036 448 2149 514; x_wconf 89' lang='lat' dir='ltr'>ubi</span> <span class='ocrx_word' id='word_1_20' title='bbox 2202 459 2399 515; x_wconf 87' lang='lat' dir='ltr'>noctu</span> <span class='ocrx_word' id='word_1_21' title='bbox 2455 452 2524 514; x_wconf 88' lang='lat' dir='ltr'>in</span> <span class='ocrx_word' id='word_1_22' title='bbox 2581 449 2867 517; x_wconf 64' lang='lat' dir='ltr'>silentlo</span> 
     </span>
     <span class='ocr_line' id='line_1_7' title="bbox 604 533 2868 622; baseline -0 -21"><span class='ocrx_word' id='word_1_23' title='bbox 604 536 1024 622; x_wconf 80' lang='lat' dir='ltr'>quiescerent,</span> <span class='ocrx_word' id='word_1_24' title='bbox 1068 535 1476 600; x_wconf 81' lang='lat' dir='ltr'>refectorium</span> <span class='ocrx_word' id='word_1_25' title='bbox 1508 556 1785 621; x_wconf 89' lang='lat' dir='ltr'>quoque,</span> <span class='ocrx_word' id='word_1_26' title='bbox 1826 535 1937 600; x_wconf 91' lang='lat' dir='ltr'>ubi</span> <span class='ocrx_word' id='word_1_27' title='bbox 1966 533 2047 598; x_wconf 92' lang='lat' dir='ltr'>de</span> <span class='ocrx_word' id='word_1_28' title='bbox 2075 534 2400 597; x_wconf 89' lang='lat' dir='ltr'>communi</span> <span class='ocrx_word' id='word_1_29' title='bbox 2429 534 2868 600; x_wconf 65' lang='lat' dir='ltr'>considentes-</span> 
     </span>
     <span class='ocr_line' id='line_1_8' title="bbox 599 617 2859 704; baseline -0.003 -18"><span class='ocrx_word' id='word_1_30' title='bbox 599 620 1029 686; x_wconf 88' lang='lat' dir='ltr'>reficerentur.</span> <span class='ocrx_word' id='word_1_31' title='bbox 1135 617 1473 704; x_wconf 88' lang='lat' dir='ltr'>Legesque</span> <span class='ocrx_word' id='word_1_32' title='bbox 1538 619 1854 703; x_wconf 80' lang='lat' dir='ltr'>ascripsit,</span> <span class='ocrx_word' id='word_1_33' title='bbox 1917 628 1991 682; x_wconf 91' lang='lat' dir='ltr'>ut</span> <span class='ocrx_word' id='word_1_34' title='bbox 2047 618 2350 682; x_wconf 87' lang='lat' dir='ltr'>orationis</span> <span class='ocrx_word' id='word_1_35' title='bbox 2381 654 2384 658; x_wconf 93' lang='lat'>·</span> <span class='ocrx_word' id='word_1_36' title='bbox 2414 628 2702 704; x_wconf 88' lang='lat' dir='ltr'>tempore</span> <span class='ocrx_word' id='word_1_37' title='bbox 2761 621 2859 684; x_wconf 83' lang='lat' dir='ltr'>in-</span> 
     </span>
     <span class='ocr_line' id='line_1_9' title="bbox 602 701 2864 788; baseline -0.001 -18"><span class='ocrx_word' id='word_1_38' title='bbox 602 703 875 770; x_wconf 89' lang='lat' dir='ltr'>ecclesia</span> <span class='ocrx_word' id='word_1_39' title='bbox 914 703 1074 767; x_wconf 91' lang='lat' dir='ltr'>nihil</span> <span class='ocrx_word' id='word_1_40' title='bbox 1114 703 1241 766; x_wconf 88' lang='lat' dir='ltr'>nisi</span> <span class='ocrx_word' id='word_1_41' title='bbox 1294 702 1479 787; x_wconf 89' lang='lat' dir='ltr'>signo</span> <span class='ocrx_word' id='word_1_42' title='bbox 1532 712 1839 788; x_wconf 88' lang='lat' dir='ltr'>peterent,</span> <span class='ocrx_word' id='word_1_43' title='bbox 1893 710 2108 788; x_wconf 88' lang='lat' dir='ltr'>preter</span> <span class='ocrx_word' id='word_1_44' title='bbox 2165 701 2337 787; x_wconf 91' lang='lat' dir='ltr'>quod</span> <span class='ocrx_word' id='word_1_45' title='bbox 2353 712 2380 744; x_wconf 74' lang='lat'>⁸</span> <span class='ocrx_word' id='word_1_46' title='bbox 2435 703 2864 768; x_wconf 58' lang='lat' dir='ltr'>necessitatis</span> 
     </span>
     <span class='ocr_line' id='line_1_10' title="bbox 600 785 2860 873; baseline -0 -21"><span class='ocrx_word' id='word_1_47' title='bbox 600 789 856 854; x_wconf 81' lang='lat' dir='ltr'>afferret</span> <span class='ocrx_word' id='word_1_48' title='bbox 894 785 1209 873; x_wconf 82' lang='lat' dir='ltr'>inpulsi03</span> <span class='ocrx_word' id='word_1_49' title='bbox 1254 785 1469 850; x_wconf 91' lang='lat' dir='ltr'>cibum</span> <span class='ocrx_word' id='word_1_50' title='bbox 1512 807 1644 850; x_wconf 89' lang='lat' dir='ltr'>una</span> <span class='ocrx_word' id='word_1_51' title='bbox 1683 786 2024 850; x_wconf 72' lang='lat' dir='ltr'>taciturnib</span> <span class='ocrx_word' id='word_1_52' title='bbox 2067 795 2399 870; x_wconf 80' lang='lat' dir='ltr'>caperent3</span> <span class='ocrx_word' id='word_1_53' title='bbox 2452 796 2601 872; x_wconf 85' lang='lat' dir='ltr'>post</span> <span class='ocrx_word' id='word_1_54' title='bbox 2642 807 2860 872; x_wconf 67' lang='lat' dir='ltr'>praru--</span> 
     </span>
     <span class='ocr_line' id='line_1_11' title="bbox 600 868 2840 956; baseline -0.001 -20"><span class='ocrx_word' id='word_1_55' title='bbox 600 872 782 936; x_wconf 90' lang='lat' dir='ltr'>dium</span> <span class='ocrx_word' id='word_1_56' title='bbox 838 872 907 935; x_wconf 92' lang='lat' dir='ltr'>in</span> <span class='ocrx_word' id='word_1_57' title='bbox 959 871 1311 956; x_wconf 81' lang='lat' dir='ltr'>gratiarum</span> <span class='ocrx_word' id='word_1_58' title='bbox 1364 871 1616 934; x_wconf 90' lang='lat' dir='ltr'>actione</span> <span class='ocrx_word' id='word_1_59' title='bbox 1671 868 1894 934; x_wconf 89' lang='lat' dir='ltr'>laudes</span> <span class='ocrx_word' id='word_1_60' title='bbox 1945 869 2092 934; x_wconf 90' lang='lat' dir='ltr'>Deo</span> <span class='ocrx_word' id='word_1_61' title='bbox 2149 869 2597 953; x_wconf 84' lang='lat' dir='ltr'>decantarent3</span> <span class='ocrx_word' id='word_1_62' title='bbox 2663 891 2840 935; x_wconf 87' lang='lat' dir='ltr'>com-</span> 
     </span>
     <span class='ocr_line' id='line_1_12' title="bbox 598 951 2858 1042; baseline -0.001 -22"><span class='ocrx_word' id='word_1_63' title='bbox 598 954 871 1042; x_wconf 91' lang='lat' dir='ltr'>pletorio</span> <span class='ocrx_word' id='word_1_64' title='bbox 942 976 1097 1020; x_wconf 86' lang='lat' dir='ltr'>vero</span> <span class='ocrx_word' id='word_1_65' title='bbox 1168 952 1454 1039; x_wconf 89' lang='lat' dir='ltr'>expleto,</span> <span class='ocrx_word' id='word_1_66' title='bbox 1525 951 1848 1017; x_wconf 88' lang='lat' dir='ltr'>silentium</span> <span class='ocrx_word' id='word_1_67' title='bbox 1915 974 2122 1037; x_wconf 90' lang='lat' dir='ltr'>usque</span> <span class='ocrx_word' id='word_1_68' title='bbox 2191 952 2413 1018; x_wconf 90' lang='lat' dir='ltr'>laudes</span> <span class='ocrx_word' id='word_1_69' title='bbox 2483 955 2858 1020; x_wconf 52' lang='lat' dir='ltr'>matutinas.</span> 
     </span>
     <span class='ocr_line' id='line_1_13' title="bbox 600 1036 2838 1124; baseline -0.001 -20"><span class='ocrx_word' id='word_1_70' title='bbox 600 1039 960 1104; x_wconf 89' lang='lat' dir='ltr'>nullatenus</span> <span class='ocrx_word' id='word_1_71' title='bbox 1000 1036 1344 1121; x_wconf 82' lang='lat' dir='ltr'>violarent3</span> <span class='ocrx_word' id='word_1_72' title='bbox 1400 1039 1532 1101; x_wconf 92' lang='lat' dir='ltr'>iam</span> <span class='ocrx_word' id='word_1_73' title='bbox 1593 1036 1955 1124; x_wconf 87' lang='lat' dir='ltr'>horoscopo</span> <span class='ocrx_word' id='word_1_74' title='bbox 2009 1045 2305 1122; x_wconf 85' lang='lat' dir='ltr'>pulsante</span> <span class='ocrx_word' id='word_1_75' title='bbox 2363 1038 2627 1102; x_wconf 90' lang='lat' dir='ltr'>excitati</span> <span class='ocrx_word' id='word_1_76' title='bbox 2644 1049 2689 1120; x_wconf 74' lang='lat'>⁰,</span> <span class='ocrx_word' id='word_1_77' title='bbox 2749 1037 2838 1102; x_wconf 85' lang='lat' dir='ltr'>ad</span> 
     </span>
     <span class='ocr_line' id='line_1_14' title="bbox 598 1119 2838 1222; baseline -0.001 -34"><span class='ocrx_word' id='word_1_78' title='bbox 598 1122 820 1188; x_wconf 87' lang='lat' dir='ltr'>laudes</span> <span class='ocrx_word' id='word_1_79' title='bbox 850 1121 1305 1222; x_wconf 87' lang='lat' dir='ltr'>persolvendas</span> <span class='ocrx_word' id='word_1_80' title='bbox 1334 1142 1475 1186; x_wconf 87' lang='lat' dir='ltr'>sese</span> <span class='ocrx_word' id='word_1_81' title='bbox 1502 1121 1839 1206; x_wconf 84' lang='lat' dir='ltr'>prevenire</span> <span class='ocrx_word' id='word_1_82' title='bbox 1868 1119 2341 1186; x_wconf 86' lang='lat' dir='ltr'>contenderent.</span> <span class='ocrx_word' id='word_1_83' title='bbox 2404 1119 2578 1188; x_wconf 89' lang='lat' dir='ltr'>Ante</span> <span class='ocrx_word' id='word_1_84' title='bbox 2605 1120 2838 1186; x_wconf 87' lang='lat' dir='ltr'>horam</span> 
     </span>
     <span class='ocr_line' id='line_1_15' title="bbox 600 1202 2857 1295; baseline -0.002 -23"><span class='ocrx_word' id='word_1_85' title='bbox 600 1207 731 1272; x_wconf 87' lang='lat' dir='ltr'>diei</span> <span class='ocrx_word' id='word_1_86' title='bbox 771 1229 1049 1295; x_wconf 77' lang='lat' dir='ltr'>primam</span> <span class='ocrx_word' id='word_1_87' title='bbox 1088 1204 1347 1271; x_wconf 89' lang='lat' dir='ltr'>libertas</span> <span class='ocrx_word' id='word_1_88' title='bbox 1363 1206 1393 1247; x_wconf 81' lang='lat'>‘¹</span> <span class='ocrx_word' id='word_1_89' title='bbox 1434 1205 1804 1290; x_wconf 86' lang='lat' dir='ltr'>egrediendi</span> <span class='ocrx_word' id='word_1_90' title='bbox 1845 1226 1885 1268; x_wconf 91' lang='lat' dir='ltr'>a</span> <span class='ocrx_word' id='word_1_91' title='bbox 1928 1202 2206 1269; x_wconf 85' lang='lat' dir='ltr'>claustro</span> <span class='ocrx_word' id='word_1_92' title='bbox 2243 1205 2484 1269; x_wconf 91' lang='lat' dir='ltr'>nemini</span> <span class='ocrx_word' id='word_1_93' title='bbox 2523 1226 2857 1270; x_wconf 61' lang='lat' dir='ltr'>concessa.</span> 
     </span>
     <span class='ocr_line' id='line_1_16' title="bbox 600 1287 2840 1377; baseline -0.001 -20"><span class='ocrx_word' id='word_1_94' title='bbox 600 1301 756 1375; x_wconf 87' lang='lat' dir='ltr'>erat,</span> <span class='ocrx_word' id='word_1_95' title='bbox 807 1300 1022 1376; x_wconf 90' lang='lat' dir='ltr'>preter</span> <span class='ocrx_word' id='word_1_96' title='bbox 1081 1290 1199 1354; x_wconf 93' lang='lat' dir='ltr'>hos</span> <span class='ocrx_word' id='word_1_97' title='bbox 1258 1289 1370 1377; x_wconf 90' lang='lat' dir='ltr'>qui</span> <span class='ocrx_word' id='word_1_98' title='bbox 1420 1290 1592 1353; x_wconf 90' lang='lat' dir='ltr'>curis</span> <span class='ocrx_word' id='word_1_99' title='bbox 1646 1310 1869 1354; x_wconf 89' lang='lat' dir='ltr'>eorum</span> <span class='ocrx_word' id='word_1_100' title='bbox 1924 1287 2322 1354; x_wconf 87' lang='lat' dir='ltr'>insistebant.</span> <span class='ocrx_word' id='word_1_101' title='bbox 2405 1288 2497 1354; x_wconf 87' lang='lat' dir='ltr'>Et</span> <span class='ocrx_word' id='word_1_102' title='bbox 2547 1311 2630 1354; x_wconf 87' lang='lat' dir='ltr'>ne</span> <span class='ocrx_word' id='word_1_103' title='bbox 2685 1291 2840 1376; x_wconf 82' lang='lat' dir='ltr'>quis</span> 
     </span>
     <span class='ocr_line' id='line_1_17' title="bbox 598 1371 2840 1461; baseline -0.001 -22"><span class='ocrx_word' id='word_1_104' title='bbox 598 1398 718 1461; x_wconf 92' lang='lat' dir='ltr'>per</span> <span class='ocrx_word' id='word_1_105' title='bbox 786 1374 1214 1460; x_wconf 85' lang='lat' dir='ltr'>ignorantiam</span> <span class='ocrx_word' id='word_1_106' title='bbox 1288 1373 1633 1460; x_wconf 90' lang='lat' dir='ltr'>quicquam</span> <span class='ocrx_word' id='word_1_107' title='bbox 1701 1371 2065 1437; x_wconf 87' lang='lat' dir='ltr'>faciendum</span> <span class='ocrx_word' id='word_1_108' title='bbox 2131 1371 2549 1458; x_wconf 89' lang='lat' dir='ltr'>relinqueret,</span> <span class='ocrx_word' id='word_1_109' title='bbox 2627 1373 2840 1437; x_wconf 84' lang='lat' dir='ltr'>sancti</span> 
     </span>
     <span class='ocr_line' id='line_1_18' title="bbox 600 1455 2856 1607; baseline -0.004 -83"><span class='ocrx_word' id='word_1_110' title='bbox 600 1459 953 1607; x_wconf 55' lang='lat' dir='ltr'>Aggustini</span> <span class='ocrx_word' id='word_1_111' title='bbox 993 1457 1279 1522; x_wconf 89' lang='lat' dir='ltr'>instituta</span> <span class='ocrx_word' id='word_1_112' title='bbox 1320 1464 1706 1543; x_wconf 88' lang='lat' dir='ltr'>patrumque</span> <span class='ocrx_word' id='word_1_113' title='bbox 1750 1455 2009 1521; x_wconf 85' lang='lat' dir='ltr'>decreta</span> <span class='ocrx_word' id='word_1_114' title='bbox 2062 1456 2296 1521; x_wconf 88' lang='lat' dir='ltr'>cotidie</span> <span class='ocrx_word' id='word_1_115' title='bbox 2354 1457 2446 1520; x_wconf 88' lang='lat' dir='ltr'>eis</span> <span class='ocrx_word' id='word_1_116' title='bbox 2496 1457 2856 1522; x_wconf 79' lang='lat' dir='ltr'>recitanda.</span> 
     </span>
     <span class='ocr_line' id='line_1_19' title="bbox 597 1544 855 1606; baseline -0.004 0"><span class='ocrx_word' id='word_1_117' title='bbox 597 1545 668 1606; x_wconf 92' lang='lat' dir='ltr'>in</span> <span class='ocrx_word' id='word_1_118' title='bbox 712 1544 855 1606; x_wconf 77' lang='lat' dir='ltr'>ixit.</span> 
     </span>
    </p>

    <p class='ocr_par' dir='ltr' id='par_1_7' title="bbox 601 1639 2858 2817">
     <span class='ocr_line' id='line_1_20' title="bbox 771 1639 2858 1728; baseline 0 -23"><span class='ocrx_word' id='word_1_119' title='bbox 771 1643 875 1707; x_wconf 83' lang='lat'>25.</span> <span class='ocrx_word' id='word_1_120' title='bbox 940 1641 1402 1705; x_wconf 88' lang='lat' dir='ltr'>Monachorum</span> <span class='ocrx_word' id='word_1_121' title='bbox 1468 1661 1723 1727; x_wconf 89' lang='lat' dir='ltr'>quoque</span> <span class='ocrx_word' id='word_1_122' title='bbox 1787 1662 1996 1707; x_wconf 90' lang='lat' dir='ltr'>mores</span> <span class='ocrx_word' id='word_1_123' title='bbox 2062 1651 2302 1728; x_wconf 89' lang='lat' dir='ltr'>quanta</span> <span class='ocrx_word' id='word_1_124' title='bbox 2363 1639 2703 1707; x_wconf 87' lang='lat' dir='ltr'>dilectione</span> <span class='ocrx_word' id='word_1_125' title='bbox 2774 1651 2858 1706; x_wconf 69' lang='lat' dir='ltr'>et</span> 
     </span>
     <span class='ocr_line' id='line_1_21' title="bbox 603 1721 2842 1809; baseline -0.001 -18"><span class='ocrx_word' id='word_1_126' title='bbox 603 1724 921 1806; x_wconf 86' lang='lat' dir='ltr'>industria</span> <span class='ocrx_word' id='word_1_127' title='bbox 964 1725 1243 1790; x_wconf 88' lang='lat' dir='ltr'>correxit</span> <span class='ocrx_word' id='word_1_128' title='bbox 1284 1731 1475 1809; x_wconf 89' lang='lat' dir='ltr'>atque</span> <span class='ocrx_word' id='word_1_129' title='bbox 1518 1743 1560 1786; x_wconf 89' lang='lat' dir='ltr'>a</span> <span class='ocrx_word' id='word_1_130' title='bbox 1601 1721 1798 1788; x_wconf 90' lang='lat' dir='ltr'>seculi</span> <span class='ocrx_word' id='word_1_131' title='bbox 1839 1724 2063 1789; x_wconf 85' lang='lat' dir='ltr'>habitu</span> <span class='ocrx_word' id='word_1_132' title='bbox 2105 1725 2416 1807; x_wconf 83' lang='lat' dir='ltr'>distinxit,</span> <span class='ocrx_word' id='word_1_133' title='bbox 2475 1733 2575 1789; x_wconf 91' lang='lat' dir='ltr'>sat</span> <span class='ocrx_word' id='word_1_134' title='bbox 2616 1723 2842 1789; x_wconf 87' lang='lat' dir='ltr'>dicere</span> 
     </span>
     <span class='ocr_line' id='line_1_22' title="bbox 603 1805 2855 1895; baseline -0.001 -20"><span class='ocrx_word' id='word_1_135' title='bbox 603 1832 737 1875; x_wconf 91' lang='lat' dir='ltr'>non</span> <span class='ocrx_word' id='word_1_136' title='bbox 778 1819 894 1875; x_wconf 89' lang='lat' dir='ltr'>est.</span> <span class='ocrx_word' id='word_1_137' title='bbox 978 1807 1127 1873; x_wconf 85' lang='lat' dir='ltr'>Non</span> <span class='ocrx_word' id='word_1_138' title='bbox 1170 1805 1371 1873; x_wconf 91' lang='lat' dir='ltr'>solum</span> <span class='ocrx_word' id='word_1_139' title='bbox 1417 1808 1588 1872; x_wconf 91' lang='lat' dir='ltr'>enim</span> <span class='ocrx_word' id='word_1_140' title='bbox 1645 1807 1970 1894; x_wconf 84' lang='lat' dir='ltr'>religionis</span> <span class='ocrx_word' id='word_1_141' title='bbox 2027 1809 2336 1895; x_wconf 86' lang='lat' dir='ltr'>dignitate</span> <span class='ocrx_word' id='word_1_142' title='bbox 2392 1830 2500 1873; x_wconf 86' lang='lat' dir='ltr'>eos</span> <span class='ocrx_word' id='word_1_143' title='bbox 2544 1809 2855 1892; x_wconf 85' lang='lat' dir='ltr'>insignes-</span> 
     </span>
     <span class='ocr_line' id='line_1_23' title="bbox 604 1891 2843 1981; baseline -0.001 -23"><span class='ocrx_word' id='word_1_144' title='bbox 604 1916 918 1981; x_wconf 89' lang='lat' dir='ltr'>apparere</span> <span class='ocrx_word' id='word_1_145' title='bbox 974 1891 1235 1972; x_wconf 87' lang='lat' dir='ltr'>studuit,</span> <span class='ocrx_word' id='word_1_146' title='bbox 1286 1913 1511 1956; x_wconf 85' lang='lat' dir='ltr'>verum</span> <span class='ocrx_word' id='word_1_147' title='bbox 1570 1893 1762 1957; x_wconf 89' lang='lat' dir='ltr'>etiam</span> <span class='ocrx_word' id='word_1_148' title='bbox 1817 1892 2005 1958; x_wconf 90' lang='lat' dir='ltr'>bonis</span> <span class='ocrx_word' id='word_1_149' title='bbox 2063 1892 2486 1958; x_wconf 83' lang='lat' dir='ltr'>exterioribus</span> <span class='ocrx_word' id='word_1_150' title='bbox 2529 1913 2843 1977; x_wconf 88' lang='lat' dir='ltr'>augmen-</span> 
     </span>
     <span class='ocr_line' id='line_1_24' title="bbox 603 1975 2853 2062; baseline -0.001 -18"><span class='ocrx_word' id='word_1_151' title='bbox 603 1986 770 2044; x_wconf 89' lang='lat' dir='ltr'>tatos</span> <span class='ocrx_word' id='word_1_152' title='bbox 812 1975 985 2042; x_wconf 87' lang='lat' dir='ltr'>nullo</span> <span class='ocrx_word' id='word_1_153' title='bbox 1029 1976 1224 2040; x_wconf 90' lang='lat' dir='ltr'>modo</span> <span class='ocrx_word' id='word_1_154' title='bbox 1270 1976 1508 2039; x_wconf 88' lang='lat' dir='ltr'>*minui</span> <span class='ocrx_word' id='word_1_155' title='bbox 1550 1975 1832 2062; x_wconf 89' lang='lat' dir='ltr'>prudens</span> <span class='ocrx_word' id='word_1_156' title='bbox 1889 1975 2124 2062; x_wconf 86' lang='lat' dir='ltr'>adegit.</span> <span class='ocrx_word' id='word_1_157' title='bbox 2213 1976 2395 2058; x_wconf 81' lang='lat' dir='ltr'>Quos</span> <span class='ocrx_word' id='word_1_158' title='bbox 2438 1997 2584 2040; x_wconf 91' lang='lat' dir='ltr'>cum</span> <span class='ocrx_word' id='word_1_159' title='bbox 2627 1975 2853 2042; x_wconf 84' lang='lat' dir='ltr'>multo</span> 
     </span>
     <span class='ocr_line' id='line_1_25' title="bbox 605 2059 2846 2146; baseline -0.002 -18"><span class='ocrx_word' id='word_1_160' title='bbox 605 2060 843 2128; x_wconf 86' lang='lat' dir='ltr'>coleret</span> <span class='ocrx_word' id='word_1_161' title='bbox 904 2083 1142 2143; x_wconf 90' lang='lat' dir='ltr'>amore,</span> <span class='ocrx_word' id='word_1_162' title='bbox 1208 2060 1516 2146; x_wconf 91' lang='lat' dir='ltr'>precipua</span> <span class='ocrx_word' id='word_1_163' title='bbox 1579 2070 1793 2124; x_wconf 87' lang='lat' dir='ltr'>tamen</span> <span class='ocrx_word' id='word_1_164' title='bbox 1854 2059 2029 2125; x_wconf 88' lang='lat' dir='ltr'>beati</span> <span class='ocrx_word' id='word_1_165' title='bbox 2089 2060 2370 2146; x_wconf 87' lang='lat' dir='ltr'>Remigii</span> <span class='ocrx_word' id='word_1_166' title='bbox 2433 2061 2846 2124; x_wconf 88' lang='lat' dir='ltr'>Francorum</span> 
     </span>
     <span class='ocr_line' id='line_1_26' title="bbox 604 2142 2857 2234; baseline -0.001 -23"><span class='ocrx_word' id='word_1_167' title='bbox 604 2145 859 2234; x_wconf 91' lang='lat' dir='ltr'>patroni</span> <span class='ocrx_word' id='word_1_168' title='bbox 922 2143 1267 2209; x_wconf 86' lang='lat' dir='ltr'>monachos</span> <span class='ocrx_word' id='word_1_169' title='bbox 1332 2144 1594 2208; x_wconf 87' lang='lat' dir='ltr'>caritate</span> <span class='ocrx_word' id='word_1_170' title='bbox 1659 2142 2037 2227; x_wconf 82' lang='lat' dir='ltr'>extollebat3</span> <span class='ocrx_word' id='word_1_171' title='bbox 2099 2143 2270 2208; x_wconf 89' lang='lat' dir='ltr'>unde</span> <span class='ocrx_word' id='word_1_172' title='bbox 2333 2154 2398 2208; x_wconf 89' lang='lat' dir='ltr'>et</span> <span class='ocrx_word' id='word_1_173' title='bbox 2450 2163 2670 2208; x_wconf 88' lang='lat' dir='ltr'>eorum</span> <span class='ocrx_word' id='word_1_174' title='bbox 2728 2165 2857 2208; x_wconf 84' lang='lat' dir='ltr'>res-</span> 
     </span>
     <span class='ocr_line' id='line_1_27' title="bbox 606 2227 2850 2315; baseline -0.001 -20"><span class='ocrx_word' id='word_1_175' title='bbox 606 2228 911 2295; x_wconf 73' lang='lat' dir='ltr'>stabiliri0</span> <span class='ocrx_word' id='word_1_176' title='bbox 954 2231 1022 2293; x_wconf 92' lang='lat' dir='ltr'>in</span> <span class='ocrx_word' id='word_1_177' title='bbox 1066 2237 1391 2315; x_wconf 90' lang='lat' dir='ltr'>posterum</span> <span class='ocrx_word' id='word_1_178' title='bbox 1435 2229 1723 2314; x_wconf 88' lang='lat' dir='ltr'>cupiens,</span> <span class='ocrx_word' id='word_1_179' title='bbox 1764 2228 2036 2293; x_wconf 88' lang='lat' dir='ltr'>Romam</span> <span class='ocrx_word' id='word_1_180' title='bbox 2081 2229 2412 2292; x_wconf 84' lang='lat' dir='ltr'>concessit.</span> <span class='ocrx_word' id='word_1_181' title='bbox 2481 2227 2570 2291; x_wconf 88' lang='lat' dir='ltr'>Et</span> <span class='ocrx_word' id='word_1_182' title='bbox 2609 2235 2850 2312; x_wconf 76' lang='lat' dir='ltr'>utpote</span> 
     </span>
     <span class='ocr_line' id='line_1_28' title="bbox 603 2309 2854 2393; baseline -0.002 -15"><span class='ocrx_word' id='word_1_183' title='bbox 603 2314 703 2378; x_wconf 93' lang='lat' dir='ltr'>vir</span> <span class='ocrx_word' id='word_1_184' title='bbox 743 2311 975 2378; x_wconf 90' lang='lat' dir='ltr'>nobilis</span> <span class='ocrx_word' id='word_1_185' title='bbox 1018 2323 1083 2377; x_wconf 90' lang='lat' dir='ltr'>et</span> <span class='ocrx_word' id='word_1_186' title='bbox 1124 2321 1420 2377; x_wconf 85' lang='lat' dir='ltr'>strenuus</span> <span class='ocrx_word' id='word_1_187' title='bbox 1464 2320 1527 2376; x_wconf 87' lang='lat' dir='ltr'>et</span> <span class='ocrx_word' id='word_1_188' title='bbox 1566 2312 1738 2390; x_wconf 86' lang='lat' dir='ltr'>fama</span> <span class='ocrx_word' id='word_1_189' title='bbox 1780 2309 1999 2376; x_wconf 89' lang='lat' dir='ltr'>celibis</span> <span class='ocrx_word' id='word_1_190' title='bbox 2047 2313 2217 2377; x_wconf 88' lang='lat' dir='ltr'>vitae</span> <span class='ocrx_word' id='word_1_191' title='bbox 2262 2312 2557 2377; x_wconf 89' lang='lat' dir='ltr'>omnibus</span> <span class='ocrx_word' id='word_1_192' title='bbox 2601 2309 2854 2393; x_wconf 70' lang='lat' dir='ltr'>clarus,</span> 
     </span>
     <span class='ocr_line' id='line_1_29' title="bbox 603 2393 2844 2482; baseline -0.002 -20"><span class='ocrx_word' id='word_1_193' title='bbox 603 2419 644 2462; x_wconf 91' lang='lat' dir='ltr'>a</span> <span class='ocrx_word' id='word_1_194' title='bbox 712 2395 941 2462; x_wconf 89' lang='lat' dir='ltr'>beatae</span> <span class='ocrx_word' id='word_1_195' title='bbox 1004 2398 1350 2462; x_wconf 87' lang='lat' dir='ltr'>memoriae</span> <span class='ocrx_word' id='word_1_196' title='bbox 1405 2393 1691 2460; x_wconf 88' lang='lat' dir='ltr'>Iohanne</span> <span class='ocrx_word' id='word_1_197' title='bbox 1756 2417 1930 2482; x_wconf 89' lang='lat' dir='ltr'>papa</span> <span class='ocrx_word' id='word_1_198' title='bbox 1996 2416 2143 2459; x_wconf 90' lang='lat' dir='ltr'>cum</span> <span class='ocrx_word' id='word_1_199' title='bbox 2205 2394 2406 2461; x_wconf 90' lang='lat' dir='ltr'>multa</span> <span class='ocrx_word' id='word_1_200' title='bbox 2474 2394 2844 2459; x_wconf 84' lang='lat' dir='ltr'>reverentia</span> 
     </span>
     <span class='ocr_line' id='line_1_30' title="bbox 604 2477 2844 2578; baseline -0.002 -32"><span class='ocrx_word' id='word_1_201' title='bbox 604 2491 914 2568; x_wconf 82' lang='lat' dir='ltr'>exceptus</span> <span class='ocrx_word' id='word_1_202' title='bbox 957 2489 1071 2544; x_wconf 89' lang='lat' dir='ltr'>est.</span> <span class='ocrx_word' id='word_1_203' title='bbox 1156 2477 1219 2541; x_wconf 94' lang='lat' dir='ltr'>A</span> <span class='ocrx_word' id='word_1_204' title='bbox 1262 2500 1388 2578; x_wconf 77' lang='lat' dir='ltr'>quo</span> <span class='ocrx_word' id='word_1_205' title='bbox 1432 2479 1627 2542; x_wconf 88' lang='lat' dir='ltr'>etiam</span> <span class='ocrx_word' id='word_1_206' title='bbox 1668 2489 1818 2564; x_wconf 89' lang='lat' dir='ltr'>post</span> <span class='ocrx_word' id='word_1_207' title='bbox 1858 2487 2082 2544; x_wconf 88' lang='lat' dir='ltr'>mutua</span> <span class='ocrx_word' id='word_1_208' title='bbox 2124 2477 2442 2564; x_wconf 88' lang='lat' dir='ltr'>colloquia</span> <span class='ocrx_word' id='word_1_209' title='bbox 2483 2480 2707 2562; x_wconf 77' lang='lat' dir='ltr'>iussuS,</span> <span class='ocrx_word' id='word_1_210' title='bbox 2766 2479 2844 2542; x_wconf 86' lang='lat' dir='ltr'>in</span> 
     </span>
     <span class='ocr_line' id='line_1_31' title="bbox 604 2562 2840 2648; baseline -0.002 -18"><span class='ocrx_word' id='word_1_211' title='bbox 604 2565 708 2630; x_wconf 92' lang='lat' dir='ltr'>die</span> <span class='ocrx_word' id='word_1_212' title='bbox 762 2562 1053 2629; x_wconf 89' lang='lat' dir='ltr'>natalitia</span> <span class='ocrx_word' id='word_1_213' title='bbox 1108 2563 1393 2645; x_wconf 89' lang='lat' dir='ltr'>Dommi,</span> <span class='ocrx_word' id='word_1_214' title='bbox 1443 2564 1521 2626; x_wconf 79' lang='lat'>12</span> <span class='ocrx_word' id='word_1_215' title='bbox 1562 2562 2056 2648; x_wconf 91' lang='lat' dir='ltr'>procedentibus</span> <span class='ocrx_word' id='word_1_216' title='bbox 2101 2562 2315 2647; x_wconf 89' lang='lat' dir='ltr'>episco</span> <span class='ocrx_word' id='word_1_217' title='bbox 2365 2563 2441 2645; x_wconf 80' lang='lat' dir='ltr'>is,</span> <span class='ocrx_word' id='word_1_218' title='bbox 2493 2563 2840 2626; x_wconf 89' lang='lat' dir='ltr'>missarum</span> 
     </span>
     <span class='ocr_line' id='line_1_32' title="bbox 603 2645 2849 2734; baseline -0.001 -21"><span class='ocrx_word' id='word_1_219' title='bbox 603 2646 980 2734; x_wconf 88' lang='lat' dir='ltr'>sollempnia</span> <span class='ocrx_word' id='word_1_220' title='bbox 1022 2645 1383 2712; x_wconf 86' lang='lat' dir='ltr'>celebravit.</span> <span class='ocrx_word' id='word_1_221' title='bbox 1454 2645 1535 2709; x_wconf 90' lang='lat' dir='ltr'>In</span> <span class='ocrx_word' id='word_1_222' title='bbox 1577 2655 1754 2711; x_wconf 90' lang='lat' dir='ltr'>tanta</span> <span class='ocrx_word' id='word_1_223' title='bbox 1797 2646 1934 2711; x_wconf 86' lang='lat' dir='ltr'>eius</span> <span class='ocrx_word' id='word_1_224' title='bbox 1975 2647 2183 2734; x_wconf 87' lang='lat' dir='ltr'>gratia</span> <span class='ocrx_word' id='word_1_225' title='bbox 2223 2645 2307 2710; x_wconf 90' lang='lat' dir='ltr'>ha</span> <span class='ocrx_word' id='word_1_226' title='bbox 2353 2648 2499 2730; x_wconf 89' lang='lat' dir='ltr'>itus,</span> <span class='ocrx_word' id='word_1_227' title='bbox 2543 2654 2614 2710; x_wconf 90' lang='lat' dir='ltr'>ut</span> <span class='ocrx_word' id='word_1_228' title='bbox 2641 2645 2723 2710; x_wconf 88' lang='lat' dir='ltr'>ab</span> <span class='ocrx_word' id='word_1_229' title='bbox 2757 2667 2849 2711; x_wconf 89' lang='lat' dir='ltr'>eo</span> 
     </span>
     <span class='ocr_line' id='line_1_33' title="bbox 601 2729 1817 2817; baseline -0.002 -20"><span class='ocrx_word' id='word_1_230' title='bbox 601 2741 934 2817; x_wconf 87' lang='lat' dir='ltr'>rogaretur</span> <span class='ocrx_word' id='word_1_231' title='bbox 972 2739 1209 2815; x_wconf 90' lang='lat' dir='ltr'>petere,</span> <span class='ocrx_word' id='word_1_232' title='bbox 1254 2730 1309 2794; x_wconf 92' lang='lat' dir='ltr'>si</span> <span class='ocrx_word' id='word_1_233' title='bbox 1352 2729 1507 2816; x_wconf 87' lang='lat' dir='ltr'>quid</span> <span class='ocrx_word' id='word_1_234' title='bbox 1551 2739 1817 2816; x_wconf 88' lang='lat' dir='ltr'>optaret.</span> 
     </span>
    </p>
   </div>
   <div class='ocr_carea' id='block_1_7' title="bbox 600 2847 2856 4045">
    <p class='ocr_par' dir='ltr' id='par_1_8' title="bbox 604 2847 2856 3021">
     <span class='ocr_line' id='line_1_34' title="bbox 604 2847 2856 2934; baseline -0 -18"><span class='ocrx_word' id='word_1_235' title='bbox 604 2851 706 2916; x_wconf 84' lang='lat'>26.</span> <span class='ocrx_word' id='word_1_236' title='bbox 773 2849 967 2932; x_wconf 78' lang='lat' dir='ltr'>Quod</span> <span class='ocrx_word' id='word_1_237' title='bbox 1005 2848 1443 2934; x_wconf 69' lang='lat' dir='ltr'>metropolita&#39;</span> <span class='ocrx_word' id='word_1_238' title='bbox 1477 2847 1804 2914; x_wconf 91' lang='lat' dir='ltr'>Adalbero</span> <span class='ocrx_word' id='word_1_239' title='bbox 1844 2847 1955 2914; x_wconf 72' lang='lat' dir='ltr'>des</span> <span class='ocrx_word' id='word_1_240' title='bbox 1992 2851 2184 2916; x_wconf 89' lang='lat' dir='ltr'>rebus</span> <span class='ocrx_word' id='word_1_241' title='bbox 2199 2852 2220 2894; x_wconf 77' lang='lat' dir='ltr'>f</span> <span class='ocrx_word' id='word_1_242' title='bbox 2249 2851 2451 2916; x_wconf 88' lang='lat' dir='ltr'>sancti</span> <span class='ocrx_word' id='word_1_243' title='bbox 2488 2849 2770 2934; x_wconf 85' lang='lat' dir='ltr'>Remigii</span> <span class='ocrx_word' id='word_1_244' title='bbox 2800 2873 2856 2915; x_wconf 77' lang='lat' dir='ltr'>a</span> 
     </span>
     <span class='ocr_line' id='line_1_35' title="bbox 975 2931 2432 3021; baseline 0.001 -25"><span class='ocrx_word' id='word_1_245' title='bbox 975 2955 1146 3019; x_wconf 91' lang='lat' dir='ltr'>papa</span> <span class='ocrx_word' id='word_1_246' title='bbox 1160 2933 1181 2975; x_wconf 77' lang='lat' dir='ltr'>f</span> <span class='ocrx_word' id='word_1_247' title='bbox 1222 2932 1505 2998; x_wconf 89' lang='lat' dir='ltr'>Iohanne</span> <span class='ocrx_word' id='word_1_248' title='bbox 1546 2931 1954 3018; x_wconf 86' lang='lat' dir='ltr'>privilegium</span> <span class='ocrx_word' id='word_1_249' title='bbox 1971 2935 1992 2976; x_wconf 73' lang='lat' dir='ltr'>f</span> <span class='ocrx_word' id='word_1_250' title='bbox 2034 2935 2175 3000; x_wconf 89' lang='lat' dir='ltr'>fieri</span> <span class='ocrx_word' id='word_1_251' title='bbox 2218 2936 2382 3021; x_wconf 88' lang='lat' dir='ltr'>petit</span> <span class='ocrx_word' id='word_1_252' title='bbox 2394 2935 2432 2998; x_wconf 76' lang='lat' dir='ltr'>f.</span> 
     </span>
    </p>

    <p class='ocr_par' dir='ltr' id='par_1_9' title="bbox 600 3034 2844 3458">
     <span class='ocr_line' id='line_1_36' title="bbox 770 3034 2844 3118; baseline 0 -18"><span class='ocrx_word' id='word_1_253' title='bbox 770 3036 957 3100; x_wconf 88' lang='lat' dir='ltr'>Tunc</span> <span class='ocrx_word' id='word_1_254' title='bbox 1011 3038 1116 3098; x_wconf 86' lang='lat' dir='ltr'>vir</span> <span class='ocrx_word' id='word_1_255' title='bbox 1168 3034 1602 3101; x_wconf 90' lang='lat' dir='ltr'>memorabilis</span> <span class='ocrx_word' id='word_1_256' title='bbox 1657 3035 1749 3099; x_wconf 91' lang='lat' dir='ltr'>sic</span> <span class='ocrx_word' id='word_1_257' title='bbox 1813 3056 2107 3102; x_wconf 87' lang='lat' dir='ltr'>exorsus:</span> <span class='ocrx_word' id='word_1_258' title='bbox 2175 3035 2552 3117; x_wconf 76' lang='lat' dir='ltr'>‘Quoniam&#39;,</span> <span class='ocrx_word' id='word_1_259' title='bbox 2607 3035 2674 3098; x_wconf 91' lang='lat' dir='ltr'>in</span> <span class='ocrx_word' id='word_1_260' title='bbox 2717 3036 2844 3118; x_wconf 85' lang='lat' dir='ltr'>uit,</span> 
     </span>
     <span class='ocr_line' id='line_1_37' title="bbox 604 3057 2840 3206; baseline 0.001 -24"><span class='ocrx_word' id='word_1_261' title='bbox 604 3125 808 3206; x_wconf 87' lang='lat' dir='ltr'>‘pater</span> <span class='ocrx_word' id='word_1_262' title='bbox 861 3119 1261 3184; x_wconf 86' lang='lat' dir='ltr'>sanctissime</span> <span class='ocrx_word' id='word_1_263' title='bbox 1275 3165 1292 3198; x_wconf 93' lang='lat'>,</span> <span class='ocrx_word' id='word_1_264' title='bbox 1358 3116 1558 3183; x_wconf 90' lang='lat' dir='ltr'>multa</span> <span class='ocrx_word' id='word_1_265' title='bbox 1615 3119 1880 3184; x_wconf 87' lang='lat' dir='ltr'>caritate</span> <span class='ocrx_word' id='word_1_266' title='bbox 1935 3120 2136 3184; x_wconf 88' lang='lat' dir='ltr'>filium</span> <span class='ocrx_word' id='word_1_267' title='bbox 2201 3119 2576 3206; x_wconf 85' lang='lat' dir='ltr'>complexus</span> <span class='ocrx_word' id='word_1_268' title='bbox 2632 3057 2719 3182; x_wconf 63' lang='lat' dir='ltr'>ad</span> <span class='ocrx_word' id='word_1_269' title='bbox 2775 3127 2840 3184; x_wconf 91' lang='lat' dir='ltr'>te</span> 
     </span>
     <span class='ocr_line' id='line_1_38' title="bbox 602 3201 2842 3303; baseline -0.001 -35"><span class='ocrx_word' id='word_1_270' title='bbox 602 3201 922 3303; x_wconf 61' lang='lat' dir='ltr'>amplius&amp;</span> <span class='ocrx_word' id='word_1_271' title='bbox 978 3202 1321 3285; x_wconf 85' lang='lat' dir='ltr'>attraxisti,</span> <span class='ocrx_word' id='word_1_272' title='bbox 1366 3202 1542 3288; x_wconf 90' lang='lat' dir='ltr'>quod</span> <span class='ocrx_word' id='word_1_273' title='bbox 1595 3202 1716 3267; x_wconf 92' lang='lat' dir='ltr'>tibi</span> <span class='ocrx_word' id='word_1_274' title='bbox 1775 3222 2112 3268; x_wconf 88' lang='lat' dir='ltr'>onerosum</span> <span class='ocrx_word' id='word_1_275' title='bbox 2169 3204 2268 3286; x_wconf 91' lang='lat' dir='ltr'>sit,</span> <span class='ocrx_word' id='word_1_276' title='bbox 2312 3202 2660 3290; x_wconf 91' lang='lat' dir='ltr'>petendum</span> <span class='ocrx_word' id='word_1_277' title='bbox 2703 3223 2842 3266; x_wconf 89' lang='lat' dir='ltr'>non</span> 
     </span>
     <span class='ocr_line' id='line_1_39' title="bbox 600 3284 2842 3372; baseline -0.001 -20"><span class='ocrx_word' id='word_1_278' title='bbox 600 3286 890 3353; x_wconf 76' lang='lat' dir='ltr'>arbltror.</span> <span class='ocrx_word' id='word_1_279' title='bbox 975 3287 1149 3352; x_wconf 86' lang='lat' dir='ltr'>Novi</span> <span class='ocrx_word' id='word_1_280' title='bbox 1190 3286 1378 3368; x_wconf 90' lang='lat' dir='ltr'>enim,</span> <span class='ocrx_word' id='word_1_281' title='bbox 1454 3285 1585 3352; x_wconf 88' lang='lat' dir='ltr'>uod</span> <span class='ocrx_word' id='word_1_282' title='bbox 1625 3284 1896 3371; x_wconf 88' lang='lat' dir='ltr'>diligens</span> <span class='ocrx_word' id='word_1_283' title='bbox 1936 3297 2120 3372; x_wconf 82' lang='lat' dir='ltr'>pater</span> <span class='ocrx_word' id='word_1_284' title='bbox 2157 3287 2479 3352; x_wconf 89' lang='lat' dir='ltr'>interdum</span> <span class='ocrx_word' id='word_1_285' title='bbox 2519 3285 2650 3350; x_wconf 91' lang='lat' dir='ltr'>filio</span> <span class='ocrx_word' id='word_1_286' title='bbox 2692 3307 2842 3370; x_wconf 85' lang='lat' dir='ltr'>gra·</span> 
     </span>
     <span class='ocr_line' id='line_1_40' title="bbox 601 3369 2844 3458; baseline -0.001 -21"><span class='ocrx_word' id='word_1_287' title='bbox 601 3373 741 3437; x_wconf 85' lang='lat' dir='ltr'>vari</span> <span class='ocrx_word' id='word_1_288' title='bbox 782 3370 1079 3458; x_wconf 86' lang='lat' dir='ltr'>gaudeat.</span> <span class='ocrx_word' id='word_1_289' title='bbox 1152 3369 1283 3436; x_wconf 88' lang='lat' dir='ltr'>Sed</span> <span class='ocrx_word' id='word_1_290' title='bbox 1320 3369 1433 3436; x_wconf 91' lang='lat' dir='ltr'>illu</span> <span class='ocrx_word' id='word_1_291' title='bbox 1518 3380 1736 3456; x_wconf 89' lang='lat' dir='ltr'>petere</span> <span class='ocrx_word' id='word_1_292' title='bbox 1778 3392 1884 3434; x_wconf 91' lang='lat' dir='ltr'>me</span> <span class='ocrx_word' id='word_1_293' title='bbox 1923 3371 2251 3458; x_wconf 90' lang='lat' dir='ltr'>proposui,</span> <span class='ocrx_word' id='word_1_294' title='bbox 2295 3370 2469 3458; x_wconf 91' lang='lat' dir='ltr'>quod</span> <span class='ocrx_word' id='word_1_295' title='bbox 2511 3379 2574 3436; x_wconf 90' lang='lat' dir='ltr'>et</span> <span class='ocrx_word' id='word_1_296' title='bbox 2589 3381 2615 3412; x_wconf 73' lang='lat'>⁸</span> <span class='ocrx_word' id='word_1_297' title='bbox 2655 3379 2844 3435; x_wconf 86' lang='lat' dir='ltr'>tanto</span> 
     </span>
    </p>

    <p class='ocr_par' dir='ltr' id='par_1_10' title="bbox 603 3453 2847 4045">
     <span class='ocr_line' id='line_1_41' title="bbox 650 3453 2843 3539; baseline -0.001 -19"><span class='ocrx_word' id='word_1_298' title='bbox 650 3457 773 3521; x_wconf 89' lang='lat' dir='ltr'>atri</span> <span class='ocrx_word' id='word_1_299' title='bbox 821 3476 1160 3521; x_wconf 90' lang='lat' dir='ltr'>onerosum</span> <span class='ocrx_word' id='word_1_300' title='bbox 1216 3476 1347 3520; x_wconf 91' lang='lat' dir='ltr'>non</span> <span class='ocrx_word' id='word_1_301' title='bbox 1386 3453 1500 3520; x_wconf 88' lang='lat' dir='ltr'>fiat</span> <span class='ocrx_word' id='word_1_302' title='bbox 1542 3463 1606 3519; x_wconf 90' lang='lat' dir='ltr'>et</span> <span class='ocrx_word' id='word_1_303' title='bbox 1645 3454 1890 3539; x_wconf 88' lang='lat' dir='ltr'>petenti</span> <span class='ocrx_word' id='word_1_304' title='bbox 1931 3459 2084 3520; x_wconf 89' lang='lat' dir='ltr'>satis</span> <span class='ocrx_word' id='word_1_305' title='bbox 2127 3455 2446 3520; x_wconf 89' lang='lat' dir='ltr'>commodi</span> <span class='ocrx_word' id='word_1_306' title='bbox 2488 3463 2843 3539; x_wconf 82' lang='lat' dir='ltr'>comparet.</span> 
     </span>
     <span class='ocr_line' id='line_1_42' title="bbox 604 3478 2840 3624; baseline -0 -21"><span class='ocrx_word' id='word_1_307' title='bbox 604 3478 726 3604; x_wconf 51' lang='lat' dir='ltr'>{ist</span> <span class='ocrx_word' id='word_1_308' title='bbox 764 3541 924 3604; x_wconf 90' lang='lat' dir='ltr'>mihi</span> <span class='ocrx_word' id='word_1_309' title='bbox 962 3541 1033 3603; x_wconf 92' lang='lat' dir='ltr'>in</span> <span class='ocrx_word' id='word_1_310' title='bbox 1062 3537 1291 3603; x_wconf 78' lang='lat' dir='ltr'>Galliis</span> <span class='ocrx_word' id='word_1_311' title='bbox 1323 3538 1782 3604; x_wconf 88' lang='lat' dir='ltr'>monachorum</span> <span class='ocrx_word' id='word_1_312' title='bbox 1825 3542 1850 3567; x_wconf 91' lang='lat'><strong>*</strong></span> <span class='ocrx_word' id='word_1_313' title='bbox 1865 3539 2246 3604; x_wconf 86' lang='lat' dir='ltr'>coenobium</span> <span class='ocrx_word' id='word_1_314' title='bbox 2257 3540 2308 3621; x_wconf 81' lang='lat'>¹¹,</span> <span class='ocrx_word' id='word_1_315' title='bbox 2349 3561 2480 3603; x_wconf 92' lang='lat' dir='ltr'>non</span> <span class='ocrx_word' id='word_1_316' title='bbox 2518 3538 2706 3624; x_wconf 89' lang='lat' dir='ltr'>longe</span> <span class='ocrx_word' id='word_1_317' title='bbox 2749 3537 2840 3602; x_wconf 88' lang='lat' dir='ltr'>ab</span> 
     </span>
     <span class='ocr_line' id='line_1_43' title="bbox 604 3622 2842 3709; baseline -0.001 -23"><span class='ocrx_word' id='word_1_318' title='bbox 604 3622 764 3687; x_wconf 79' lang='lat' dir='ltr'>urbe</span> <span class='ocrx_word' id='word_1_319' title='bbox 805 3624 1153 3688; x_wconf 89' lang='lat' dir='ltr'>Remorum</span> <span class='ocrx_word' id='word_1_320' title='bbox 1195 3623 1405 3688; x_wconf 89' lang='lat' dir='ltr'>situm.</span> <span class='ocrx_word' id='word_1_321' title='bbox 1491 3622 1623 3687; x_wconf 89' lang='lat' dir='ltr'>Ubi</span> <span class='ocrx_word' id='word_1_322' title='bbox 1667 3623 1858 3688; x_wconf 90' lang='lat' dir='ltr'>etiam</span> <span class='ocrx_word' id='word_1_323' title='bbox 1899 3623 2071 3688; x_wconf 90' lang='lat' dir='ltr'>beati</span> <span class='ocrx_word' id='word_1_324' title='bbox 2113 3623 2394 3709; x_wconf 90' lang='lat' dir='ltr'>Remigii</span> <span class='ocrx_word' id='word_1_325' title='bbox 2436 3623 2842 3686; x_wconf 88' lang='lat' dir='ltr'>Francorum</span> 
     </span>
     <span class='ocr_line' id='line_1_44' title="bbox 651 3704 2843 3793; baseline -0.001 -23"><span class='ocrx_word' id='word_1_326' title='bbox 651 3707 859 3770; x_wconf 91' lang='lat' dir='ltr'>atroni</span> <span class='ocrx_word' id='word_1_327' title='bbox 901 3728 1012 3771; x_wconf 92' lang='lat' dir='ltr'>cor</span> <span class='ocrx_word' id='word_1_328' title='bbox 1058 3727 1135 3770; x_wconf 91' lang='lat' dir='ltr'>us</span> <span class='ocrx_word' id='word_1_329' title='bbox 1178 3706 1651 3770; x_wconf 88' lang='lat' dir='ltr'>sanctissimum</span> <span class='ocrx_word' id='word_1_330' title='bbox 1694 3704 2138 3772; x_wconf 89' lang='lat' dir='ltr'>decentissime</span> <span class='ocrx_word' id='word_1_331' title='bbox 2176 3707 2461 3793; x_wconf 88' lang='lat' dir='ltr'>quiescit,</span> <span class='ocrx_word' id='word_1_332' title='bbox 2507 3706 2613 3770; x_wconf 88' lang='lat' dir='ltr'>cui</span> <span class='ocrx_word' id='word_1_333' title='bbox 2642 3705 2843 3770; x_wconf 90' lang='lat' dir='ltr'>etiam</span> 
     </span>
     <span class='ocr_line' id='line_1_45' title="bbox 650 3785 2843 3876; baseline -0.002 -21"><span class='ocrx_word' id='word_1_334' title='bbox 650 3812 809 3855; x_wconf 91' lang='lat' dir='ltr'>onor</span> <span class='ocrx_word' id='word_1_335' title='bbox 862 3789 1014 3856; x_wconf 89' lang='lat' dir='ltr'>exhi</span> <span class='ocrx_word' id='word_1_336' title='bbox 1061 3790 1233 3855; x_wconf 79' lang='lat' dir='ltr'>eturi</span> <span class='ocrx_word' id='word_1_337' title='bbox 1291 3789 1566 3855; x_wconf 60' lang='lat' dir='ltr'>debitus).</span> <span class='ocrx_word' id='word_1_338' title='bbox 1668 3788 1870 3854; x_wconf 85' lang='lat' dir='ltr'>Cuius</span> <span class='ocrx_word' id='word_1_339' title='bbox 1919 3812 2023 3854; x_wconf 89' lang='lat' dir='ltr'>res</span> <span class='ocrx_word' id='word_1_340' title='bbox 2075 3791 2145 3854; x_wconf 92' lang='lat' dir='ltr'>in</span> <span class='ocrx_word' id='word_1_341' title='bbox 2196 3799 2522 3876; x_wconf 89' lang='lat' dir='ltr'>posterum</span> <span class='ocrx_word' id='word_1_342' title='bbox 2565 3785 2843 3854; x_wconf 77' lang='lat' dir='ltr'>stabiliri</span> 
     </span>
     <span class='ocr_line' id='line_1_46' title="bbox 604 3872 2845 3973; baseline -0.001 -35"><span class='ocrx_word' id='word_1_343' title='bbox 604 3873 871 3940; x_wconf 86' lang='lat' dir='ltr'>firmiter</span> <span class='ocrx_word' id='word_1_344' title='bbox 926 3895 1237 3973; x_wconf 67' lang='lat' dir='ltr'>quaerens</span> <span class='ocrx_word' id='word_1_345' title='bbox 1250 3921 1268 3955; x_wconf 96' lang='lat'>,</span> <span class='ocrx_word' id='word_1_346' title='bbox 1324 3882 1576 3938; x_wconf 88' lang='lat' dir='ltr'>vestrae</span> <span class='ocrx_word' id='word_1_347' title='bbox 1633 3875 2028 3939; x_wconf 82' lang='lat' dir='ltr'>auctoritatis</span> <span class='ocrx_word' id='word_1_348' title='bbox 2081 3872 2420 3961; x_wconf 87' lang='lat' dir='ltr'>privilegio</span> <span class='ocrx_word' id='word_1_349' title='bbox 2474 3873 2845 3938; x_wconf 83' lang='lat' dir='ltr'>confirmari</span> 
     </span>
     <span class='ocr_line' id='line_1_47' title="bbox 603 3955 2847 4045; baseline -0 -23"><span class='ocrx_word' id='word_1_350' title='bbox 603 3958 1136 4045; x_wconf 79' lang='lat' dir='ltr'>inpresentlarum</span> <span class='ocrx_word' id='word_1_351' title='bbox 1180 3955 1477 4043; x_wconf 88' lang='lat' dir='ltr'>deposco,</span> <span class='ocrx_word' id='word_1_352' title='bbox 1517 3966 1721 4021; x_wconf 90' lang='lat' dir='ltr'>terras</span> <span class='ocrx_word' id='word_1_353' title='bbox 1763 3956 2064 4024; x_wconf 89' lang='lat' dir='ltr'>videlicet</span> <span class='ocrx_word' id='word_1_354' title='bbox 2093 3956 2292 4024; x_wconf 87' lang='lat' dir='ltr'>cultas</span> <span class='ocrx_word' id='word_1_355' title='bbox 2321 3967 2513 4044; x_wconf 89' lang='lat' dir='ltr'>atque</span> <span class='ocrx_word' id='word_1_356' title='bbox 2542 3955 2847 4039; x_wconf 87' lang='lat' dir='ltr'>incultas,</span> 
     </span>
    </p>
   </div>
   <div class='ocr_carea' id='block_1_8' title="bbox 602 4158 2846 4332">
    <p class='ocr_par' dir='ltr' id='par_1_11' title="bbox 602 4158 2846 4332">
     <span class='ocr_line' id='line_1_48' title="bbox 722 4158 2846 4216; baseline 0 -14"><span class='ocrx_word' id='word_1_357' title='bbox 722 4159 769 4214; x_wconf 81' lang='lat' dir='ltr'>a)</span> <span class='ocrx_word' id='word_1_358' title='bbox 794 4167 896 4212; x_wconf 73' lang='lat' dir='ltr'>poet</span> <span class='ocrx_word' id='word_1_359' title='bbox 926 4164 1027 4204; x_wconf 79' lang='lat' dir='ltr'>add.</span> <span class='ocrx_word' id='word_1_360' title='bbox 1146 4161 1197 4216; x_wconf 87' lang='lat' dir='ltr'>b)</span> <span class='ocrx_word' id='word_1_361' title='bbox 1228 4162 1409 4204; x_wconf 84' lang='lat' dir='ltr'>silendo</span> <span class='ocrx_word' id='word_1_362' title='bbox 1443 4164 1485 4204; x_wconf 86' lang='lat'>1.</span> <span class='ocrx_word' id='word_1_363' title='bbox 1608 4160 1651 4214; x_wconf 84' lang='lat' dir='ltr'>c)</span> <span class='ocrx_word' id='word_1_364' title='bbox 1681 4162 1727 4203; x_wconf 88' lang='lat' dir='ltr'>h.</span> <span class='ocrx_word' id='word_1_365' title='bbox 1762 4162 1992 4204; x_wconf 80' lang='lat' dir='ltr'>excitante</span> <span class='ocrx_word' id='word_1_366' title='bbox 2025 4165 2066 4203; x_wconf 91' lang='lat'>1.</span> <span class='ocrx_word' id='word_1_367' title='bbox 2187 4162 2234 4216; x_wconf 81' lang='lat' dir='ltr'>d)</span> <span class='ocrx_word' id='word_1_368' title='bbox 2268 4163 2444 4204; x_wconf 84' lang='lat' dir='ltr'>nemini</span> <span class='ocrx_word' id='word_1_369' title='bbox 2463 4162 2494 4202; x_wconf 86' lang='lat'>1.</span> <span class='ocrx_word' id='word_1_370' title='bbox 2513 4163 2555 4204; x_wconf 90' lang='lat'>1.</span> <span class='ocrx_word' id='word_1_371' title='bbox 2676 4158 2722 4212; x_wconf 80' lang='grc' dir='ltr'>ο)</span> <span class='ocrx_word' id='word_1_372' title='bbox 2746 4164 2846 4202; x_wconf 73' lang='lat' dir='ltr'>sta-</span> 
     </span>
     <span class='ocr_line' id='line_1_49' title="bbox 604 4219 2846 4273; baseline -0 -12"><span class='ocrx_word' id='word_1_373' title='bbox 604 4220 760 4261; x_wconf 80' lang='lat' dir='ltr'>bilitas</span> <span class='ocrx_word' id='word_1_374' title='bbox 794 4223 833 4262; x_wconf 90' lang='lat'>1.</span> <span class='ocrx_word' id='word_1_375' title='bbox 1013 4219 1051 4273; x_wconf 79' lang='lat' dir='ltr'>f)</span> <span class='ocrx_word' id='word_1_376' title='bbox 1096 4223 1288 4273; x_wconf 80' lang='lat' dir='ltr'>cpolita,</span> <span class='ocrx_word' id='word_1_377' title='bbox 1320 4222 1378 4262; x_wconf 81' lang='lat' dir='ltr'>de</span> <span class='ocrx_word' id='word_1_378' title='bbox 1409 4221 1561 4273; x_wconf 83' lang='lat' dir='ltr'>rebus,</span> <span class='ocrx_word' id='word_1_379' title='bbox 1593 4231 1670 4272; x_wconf 83' lang='lat' dir='ltr'>pa,</span> <span class='ocrx_word' id='word_1_380' title='bbox 1703 4219 1874 4273; x_wconf 72' lang='lat' dir='ltr'>egium,</span> <span class='ocrx_word' id='word_1_381' title='bbox 1905 4222 1962 4262; x_wconf 78' lang='lat' dir='ltr'>tit</span> <span class='ocrx_word' id='word_1_382' title='bbox 1991 4223 2104 4263; x_wconf 71' lang='lat' dir='ltr'>absc.</span> <span class='ocrx_word' id='word_1_383' title='bbox 2300 4219 2348 4273; x_wconf 76' lang='lat' dir='ltr'>g)</span> <span class='ocrx_word' id='word_1_384' title='bbox 2382 4221 2441 4261; x_wconf 80' lang='lat' dir='ltr'>ad</span> <span class='ocrx_word' id='word_1_385' title='bbox 2471 4223 2517 4260; x_wconf 82' lang='lat' dir='ltr'>te</span> <span class='ocrx_word' id='word_1_386' title='bbox 2548 4230 2589 4260; x_wconf 87' lang='lat' dir='ltr'>a.</span> <span class='ocrx_word' id='word_1_387' title='bbox 2623 4220 2684 4260; x_wconf 78' lang='lat' dir='ltr'>ad</span> <span class='ocrx_word' id='word_1_388' title='bbox 2711 4223 2764 4262; x_wconf 82' lang='lat' dir='ltr'>to</span> <span class='ocrx_word' id='word_1_389' title='bbox 2797 4223 2846 4269; x_wconf 85' lang='lat'>1,</span> 
     </span>
     <span class='ocr_line' id='line_1_50' title="bbox 602 4277 2654 4332; baseline -0 -13"><span class='ocrx_word' id='word_1_390' title='bbox 602 4277 652 4332; x_wconf 85' lang='lat' dir='ltr'>h)</span> <span class='ocrx_word' id='word_1_391' title='bbox 683 4279 733 4320; x_wconf 75' lang='lat' dir='ltr'>in</span> <span class='ocrx_word' id='word_1_392' title='bbox 762 4280 854 4320; x_wconf 78' lang='lat' dir='ltr'>alia</span> <span class='ocrx_word' id='word_1_393' title='bbox 882 4279 1033 4319; x_wconf 71' lang='lat' dir='ltr'>charta</span> <span class='ocrx_word' id='word_1_394' title='bbox 1064 4280 1153 4320; x_wconf 75' lang='lat' dir='ltr'>alio</span> <span class='ocrx_word' id='word_1_395' title='bbox 1182 4284 1421 4320; x_wconf 75' lang='lat' dir='ltr'>atramento</span> <span class='ocrx_word' id='word_1_396' title='bbox 1444 4280 1600 4330; x_wconf 62' lang='lat' dir='ltr'>percit,</span> <span class='ocrx_word' id='word_1_397' title='bbox 1631 4289 1765 4318; x_wconf 76' lang='lat' dir='ltr'>manu</span> <span class='ocrx_word' id='word_1_398' title='bbox 1783 4280 1984 4328; x_wconf 69' lang='lat' dir='ltr'>sortasse</span> <span class='ocrx_word' id='word_1_399' title='bbox 2013 4281 2172 4324; x_wconf 74' lang='lat' dir='ltr'>aliena.</span> <span class='ocrx_word' id='word_1_400' title='bbox 2301 4278 2335 4332; x_wconf 86' lang='lat' dir='ltr'>i)</span> <span class='ocrx_word' id='word_1_401' title='bbox 2370 4283 2580 4322; x_wconf 79' lang='lat' dir='ltr'>servatur</span> <span class='ocrx_word' id='word_1_402' title='bbox 2613 4280 2654 4319; x_wconf 91' lang='lat'>1.</span> 
     </span>
    </p>
   </div>
  </div>
 </body>
</html>
