3059 4834
542 489 643 530 981.

436 988 509 1044 Ῥ.
542 993 642 1036 626.

666 301 769 351 118
1154 299 1461 352 RICHERI
1498 300 2001 352 HISTORIARUM
2038 299 2260 350 LIBER
2298 301 2402 350 111.

660 466 1023 534 tendebant.
1124 468 1328 552 Igitur
1394 465 1690 532 Conrado
1755 465 2255 532 Alemannorum
2273 479 2294 513 ¹
2357 468 2498 552 regi
2553 467 2902 552 epistolam

660 553 898 639 legavit
938 552 1111 615 hunc
1152 551 1415 615 modum
1456 548 1831 616 habentem:
1875 551 2232 615 ‘Lotharius
2259 552 2657 615 Francorum
2683 553 2902 638 gratia

660 638 790 702 Dei
830 659 949 700 rex
992 635 1327 700 Conradoa
1370 634 1872 699 Alemannorum
1926 637 2065 721 regi
2125 635 2432 721 quicquid
2489 634 2632 700 sibi.
2714 639 2901 700 Ami-

664 722 891 784 ciciam
947 721 1111 784 inter
1151 742 1269 783 nos
1313 741 1352 782 a
1394 718 1592 783 multo
1649 730 1935 806 tempore
1990 720 2396 783 constitutam
2437 718 2902 786 inviolabiliter

664 826 1061 886 conservare,
1107 826 1361 890 semper
1402 802 1560 866 mihi
1602 813 1856 888 gratum
1897 803 2036 867 fuit.
2127 803 2326 868 Cuius
2368 803 2610 867 fructus
2663 825 2814 867 cum
2859 825 2902 867 a

661 912 765 953 me
807 887 1145 975 multiplex
1189 889 1364 953 exire
1406 886 1631 969 valeat,
1675 887 1826 952 utile
1863 888 2019 952 duxi
2094 886 2355 950 uiddam
2383 887 2569 952 vobis
2599 887 2898 953 indicare

660 984 725 1038 et
766 973 849 1037 ad
892 983 1111 1038 votum
1154 971 1312 1035 mihi
1352 972 1492 1035 fieri
1537 971 1684 1035 *idb
1728 981 1963 1058 petere.
2098 992 2373 1056 ugonem
2418 971 2647 1035 ducem
2677 972 2896 1056 sciatis

659 1078 762 1121 me
804 1056 1111 1121 hactenus
1167 1078 1284 1142 pro
1342 1056 1548 1119 amico
1591 1054 1910 1120 habuisse.
1999 1053 2346 1153 Comperto
2387 1077 2540 1119 vero
2587 1055 2766 1140 quod
2806 1055 2897 1118 la-

659 1150 867 1206 tenter
907 1140 1105 1205 hostis
1147 1139 1304 1202 mihi
1347 1149 1530 1222 esset,
1575 1140 1657 1204 ab
1701 1141 1838 1204 eius
1881 1139 2307 1203 familiantate
2349 1161 2453 1203 me
2480 1142 2896 1204 remotiorem

660 1225 801 1290 feci.
887 1224 1078 1288 Unde
1134 1246 1308 1287 nunc
1362 1224 1635 1287 Romam
1685 1225 1840 1306 iem,
1899 1223 2198 1288 Ottonem
2242 1223 2418 1305 adiit,
2461 1224 2530 1285 in
2571 1225 2700 1288 mei
2745 1245 2896 1287 con-

660 1307 988 1374 tumeliam
1039 1309 1346 1394 regnique
1402 1307 1614 1373 labem
1672 1309 1731 1372 ei
1783 1307 2130 1393 plurimum
2179 1329 2622 1406 persuasurus.
2721 1307 2896 1388 Qua—

708 1403 923 1478 ropter
988 1413 1237 1456 summa
1302 1413 1443 1478 ope,
1509 1414 1757 1456 summo
1816 1392 2070 1476 ingenio
2131 1391 2434 1471 nltimini,
2499 1412 2581 1455 ne
2641 1392 2894 1456 evadat.

659 1415 836 1541 {Vale'
850 1489 893 1541 ⁰.
1008 1475 1465 1561 Exploratores
1539 1477 1754 1562 itaque
1827 1476 2325 1573 circumquaque
2392 1474 2684 1561 dispositi
2780 1499 2898 1574 per

659 1570 967 1707 pgeruptla
1018 1561 1352 1706 montiurq)
1384 1567 1447 1622 et
1440 1558 1906 1706 nsscopulorum
1924 1608 1940 1641 ,
2007 1581 2124 1646 per
2175 1581 2423 1623 Vlarum
2468 1559 2680 1623 exitus
2759 1583 2900 1624 elus

660 1665 699 1705 a
746 1665 868 1707 ven
941 1665 1005 1704 m
1050 1664 1309 1727 oppene
1356 1663 1439 1705 an
1545 1691 1559 1705 .

869 1781 970 1844 87.
1055 1781 1220 1845 Item
1262 1779 1530 1866 epistola
1572 1780 1840 1866 Emmae
1858 1781 1886 1821 ‘¹
1929 1782 2188 1866 reginae
2230 1781 2313 1844 ad
2352 1782 2676 1845 matremd.

829 1883 966 1946 Nec
1016 1883 1227 1946 minus
1282 1883 1516 1946 Emma
1573 1905 1642 1946 re
1689 1881 1795 1946 ina
1849 1883 2039 1946 matri
2096 1905 2249 1947 suae
2305 1883 2374 1946 in
2415 1882 2586 1947 hunc
2629 1882 2904 1946 modum

662 1966 997 2052 epistolam
1056 1968 1313 2032 direxit:
1376 1905 1696 2031 ‘Adelaiffi
1752 1968 1940 2030 matri
1954 2016 1970 2049 ,
2026 1968 2115 2030 im
2165 1968 2417 2031 eratrici
2476 1989 2727 2053 semper
2785 1989 2902 2031 au-

660 2062 883 2136 gustae
906 2101 922 2134 ,
987 2052 1219 2115 Emma
1282 2052 1678 2115 Francorum
1747 2052 1970 2136 regina
2041 2073 2070 2114 s
2134 2059 2326 2114 utem.
2439 2051 2622 2115 Licet
2689 2049 2898 2116 multo

659 2144 969 2200 terrarum
1012 2136 1348 2200 interstitio
1395 2145 1639 2200 semota
1654 2183 1670 2216 ,
1730 2145 1943 2199 tamen
1987 2157 2026 2198 a
2069 2143 2269 2199 matre
2311 2133 2538 2198 auxilii
2579 2136 2900 2199 rationem

658 2219 791 2282 filia
832 2227 1001 2306 peto.
1086 2219 1280 2303 Hugo
1341 2218 1477 2282 dux
1518 2219 1764 2282 insidiis
1807 2241 1937 2283 non
1981 2217 2184 2282 solum
2243 2220 2425 2303 regni
2475 2219 2679 2284 nostri
2770 2220 2898 2282 rin-

661 2305 839 2388 cipes
880 2325 920 2368 a
962 2313 1177 2368 nostra
1218 2302 1521 2368 fidelitate
1565 2303 1830 2385 amovit,
1889 2304 2001 2380 sed
2045 2311 2107 2366 et
2148 2302 2410 2367 fratrem
2455 2323 2670 2367 meum
2783 2313 2894 2368 tto-

661 2410 810 2451 nem
852 2409 892 2450 a
932 2388 1115 2452 nobis
1162 2396 1425 2451 conatur
1476 2398 1792 2469 avertere3
1848 2385 2019 2450 unde
2063 2395 2126 2450 et
2166 2387 2440 2450 Romam
2492 2385 2674 2450 illum
2718 2387 2888 2451 adiit.

661 2472 759 2536 Ne
804 2493 956 2557 ergo
1000 2472 1253 2557 penitus
1298 2473 1399 2534 sui
1438 2471 1572 2535 voti
1616 2492 1876 2556 compos
1905 2469 2229 2556 glorietur,
2273 2480 2421 2555 peto
2455 2470 2736 2556 supplex
2767 2469 2897 2538 filia

662 2564 961 2638 matrem,
1025 2564 1098 2619 ut
1151 2557 1221 2618 in
1274 2555 1648 2620 revertendo
1708 2564 1920 2619 tantus
1977 2554 2178 2619 hostis
2234 2553 2654 2639 impediatur3
2717 2563 2784 2620 et
2845 2555 2902 2618 si

661 2638 803 2702 fieri
856 2648 1097 2724 potest,
1153 2647 1264 2702 aut
1320 2648 1546 2724 captus
1598 2648 1916 2721 teneatur,
1973 2647 2082 2701 aut
2134 2639 2225 2701 im
2273 2639 2415 2702 unis
2473 2660 2603 2702 non
2652 2638 2900 2703 redeat.

664 2721 795 2785 Sed
852 2744 933 2787 ne
988 2744 1103 2786 vos
1156 2723 1286 2786 suis
1343 2721 1504 2786 dolis
1567 2723 2019 2806 tergiversator
2084 2744 2203 2786 eva
2248 2731 2332 2804 at,
2399 2723 2594 2786 totius
2649 2721 2902 2786 formae

661 2803 827 2868 illius
883 2804 1333 2891 inseparabilia
1388 2805 1748 2869 accidentia
1803 2805 1986 2870 vobis
2038 2805 2323 2870 indicare
2367 2809 2623 2871 curavi'.
2707 2806 2903 2870 Tunc

661 2897 1002 2976 prosecuta
1060 2889 1422 2972 oculorum,
1482 2889 1767 2972 aurium,
1818 2887 2152 2972 labiorum,
2198 2890 2483 2955 dentium
2530 2911 2788 2976 quoque
2837 2900 2905 2956 et

658 2972 819 3054 nasi,
864 2994 1110 3037 necnon
1152 2983 1216 3037 et
1255 2971 1644 3058 reliquarum
1689 2974 1973 3059 corporis
2013 2975 2290 3058 partium
2333 2973 2711 3058 accidentia,
2756 2997 2900 3039 ver-

660 3055 889 3120 borum
933 3078 1187 3143 quoque
1228 3065 1512 3120 tenorem
1558 3057 1649 3120 sic
1692 3057 1978 3142 ignotum
2021 3057 2384 3141 declaravit,
2430 3068 2500 3122 ut
2541 3057 2649 3122 his
2693 3059 2900 3144 signis

662 3139 987 3225 detegeret
1026 3150 1216 3227 atque
1260 3140 1701 3226 ignorantibus
1742 3140 2071 3206 indicaret.

930 3279 1029 3344 88.
1115 3277 1311 3363 Hugo
1353 3279 1662 3343 inmutato
1678 3289 1702 3320 θ
1745 3279 2006 3343 habitae
2049 3279 2309 3343 insidias
2353 3279 2624 3349 evadjte.

826 3382 985 3446 Dux
1026 3380 1256 3445 horum
1298 3381 1466 3444 nonf
1505 3382 1777 3463 nesciuS,
1821 3381 2094 3445 reditum
2125 3381 2494 3447 acceleratg.
2578 3382 2900 3470 Dolisque

706 3474 1079 3548 remetuenS,
1121 3475 1368 3530 vestem
1410 3473 1614 3528 mutat
1653 3487 1917 3552 seseque
1957 3488 2156 3532 unum
2200 3466 2280 3529 de
2325 3464 2660 3530 clientibus
2703 3468 2902 3531 simu-

658 3488 766 3613 lat.
852 3550 1075 3635 Equos
1120 3571 1313 3614 onera
1353 3549 1626 3613 ferentes
1671 3550 1809 3635 ipse
1852 3551 2019 3635 regit
2061 3558 2252 3635 atque
2296 3551 2601 3634 exagitat.
2677 3549 2901 3616 Onera

661 3634 934 3718 imponit
998 3643 1061 3698 et
1124 3634 1416 3718 deponit,
1491 3633 1788 3697 omnibus
1853 3655 1922 3697 se
1987 3635 2370 3698 serviturum
2429 3635 2896 3701 accommodat.

660 3717 991 3802 Tantaque
1034 3717 1345 3782 industria
1372 3718 1439 3780 in
1466 3717 1716 3781 abiecta
1744 3727 1921 3782 veste
1951 3725 2015 3782 et
2040 3715 2275 3781 inculto
2306 3716 2530 3781 habitu
2560 3740 2628 3783 se
2661 3718 2895 3783 ducem

777 3895 822 3950 a)
857 3897 1101 3939 Conrando
1133 3909 1168 3938 c.
1258 3895 1306 3948 b)
1333 3901 1434 3946 post
1465 3897 1564 3936 add.
1674 3896 1715 3949 c)
1749 3880 1888 3941 VAE.
1920 3910 1958 3940 c.
2065 3895 2111 3949 d)
2145 3908 2310 3950 mmae,
2343 3901 2462 3940 trem
2493 3901 2606 3941 abac.
2725 3899 2769 3952 e)
2799 3911 2896 3953 mu,

660 3969 705 4009 u,
738 3968 797 3997 va
842 3959 953 3998 absc.
1132 3955 1168 4008 f)
1197 3955 1305 3996 Dux
1350 3957 1396 3998 h.
1443 3967 1567 3996 nese.
1613 3967 1724 3996 corr.
1799 3959 1908 3996 Dux
1939 3958 2049 3998 licet
2078 3957 2123 3997 h.
2157 3969 2219 4009 n.‚
2266 3969 2380 3999 corr.
2453 3958 2562 3999 Dux
2609 3961 2653 4000 h.
2701 3971 2798 4000 non
2844 3971 2898 4002 n.

660 4014 709 4067 g)
741 4017 1033 4057 accelerabat
1074 4017 1117 4056 1.

809 4125 867 4194 1)
904 4131 940 4179 i.
995 4145 1043 4180 e.
1084 4128 1553 4194 Burgundionum3
1609 4128 1676 4179 cf.
1716 4127 1925 4192 Waitz,
1976 4129 2046 4178 D.
2085 4129 2222 4180 VG.
2271 4130 2396 4198 VII,
2451 4149 2506 4198 p.
2562 4133 2667 4182 104
2715 4149 2770 4183 n.
2819 4159 2892 4170 —

658 4201 809 4262 Quae
846 4201 1105 4252 Richerus
1142 4207 1321 4252 narrat
1360 4203 1556 4253 dubiae
1593 4200 1722 4252 fidei
1763 4216 1898 4266 esse,
1937 4203 2044 4252 iam
2072 4203 2422 4255 Giesebrecht
2449 4207 2688 4270 monuit„
2727 4205 2896 4256 Jahr-

658 4274 863 4325 biicher
900 4275 977 4334 ΙΙ,
1021 4275 1068 4338 1,
1105 4292 1160 4341 p.
1203 4275 1307 4326 177
1346 4291 1465 4341 sqq.

3038 3085 3045 3274 -*-*
